<?xml version="1.0" encoding="UTF-8"?>
<!DOCTYPE html PUBLIC "-//W3C//DTD XHTML 1.0 Transitional//EN"
    "http://www.w3.org/TR/xhtml1/DTD/xhtml1-transitional.dtd">
<html xmlns="http://www.w3.org/1999/xhtml" xml:lang="en" lang="en">
 <head>
  <title>
</title>
<meta http-equiv="Content-Type" content="text/html;charset=utf-8" />
  <meta name='ocr-system' content='tesseract 3.04.00' />
  <meta name='ocr-capabilities' content='ocr_page ocr_carea ocr_par ocr_line ocrx_word'/>
</head>
<body>
  <div class='ocr_page' id='page_1' title='image "./andreaemaximilia00fred_0097.png"; bbox 0 0 1320 2490; ppageno 0'>
   <div class='ocr_carea' id='block_1_1' title="bbox 214 98 1047 155">
    <p class='ocr_par' dir='ltr' id='par_1_1' title="bbox 214 98 1047 155">
     <span class='ocr_line' id='line_1_1' title="bbox 214 98 1047 155; baseline -0.005 -8"><span class='ocrx_word' id='word_1_1' title='bbox 214 104 459 148; x_wconf 69' lang='lat' dir='ltr'><strong>Scnrr‘r.</strong></span> <span class='ocrx_word' id='word_1_2' title='bbox 497 101 904 147; x_wconf 72' lang='lat' dir='ltr'>FRAGMENTA.</span> <span class='ocrx_word' id='word_1_3' title='bbox 987 98 1047 155; x_wconf 82' lang='lat'><strong>87</strong></span> 
     </span>
    </p>
   </div>
   <div class='ocr_carea' id='block_1_2' title="bbox 43 180 1132 2261">
    <p class='ocr_par' dir='ltr' id='par_1_2' title="bbox 43 180 1132 2261">
     <span class='ocr_line' id='line_1_2' title="bbox 59 180 1076 248; baseline -0.004 -17"><span class='ocrx_word' id='word_1_4' title='bbox 59 184 182 231; x_wconf 78' lang='lat' dir='ltr'>ritate</span> <span class='ocrx_word' id='word_1_5' title='bbox 208 184 440 248; x_wconf 84' lang='lat' dir='ltr'><strong>compreffi</strong></span> <span class='ocrx_word' id='word_1_6' title='bbox 469 184 628 231; x_wconf 79' lang='lat' dir='ltr'><strong>milites</strong></span> <span class='ocrx_word' id='word_1_7' title='bbox 652 218 665 237; x_wconf 94' lang='lat'>,</span> <span class='ocrx_word' id='word_1_8' title='bbox 691 184 940 229; x_wconf 81' lang='lat' dir='ltr'><strong>testamenta</strong></span> <span class='ocrx_word' id='word_1_9' title='bbox 962 180 1050 242; x_wconf 78' lang='lat' dir='ltr'><strong>pri·</strong></span> <span class='ocrx_word' id='word_1_10' title='bbox 1072 200 1076 203; x_wconf 93' lang='lat'>·</span> 
     </span>
     <span class='ocr_line' id='line_1_3' title="bbox 59 246 1095 312; baseline -0.004 -16"><span class='ocrx_word' id='word_1_11' title='bbox 59 255 227 312; x_wconf 84' lang='lat' dir='ltr'><strong>mum(</strong></span> <span class='ocrx_word' id='word_1_12' title='bbox 242 251 346 297; x_wconf 88' lang='lat' dir='ltr'><strong>certi</strong></span> <span class='ocrx_word' id='word_1_13' title='bbox 360 249 572 297; x_wconf 81' lang='lat' dir='ltr'><strong>manifesti</strong></span> <span class='ocrx_word' id='word_1_14' title='bbox 585 248 799 311; x_wconf 89' lang='lat' dir='ltr'><strong>periculi)</strong></span> <span class='ocrx_word' id='word_1_15' title='bbox 825 246 1052 310; x_wconf 86' lang='lat' dir='ltr'><strong>scripsere,</strong></span> <span class='ocrx_word' id='word_1_16' title='bbox 1092 258 1095 260; x_wconf 83' lang='lat'>&#39;</span> 
     </span>
     <span class='ocr_line' id='line_1_4' title="bbox 55 312 1052 379; baseline -0.004 -17"><span class='ocrx_word' id='word_1_17' title='bbox 55 317 160 362; x_wconf 83' lang='lat' dir='ltr'><strong>dein</strong></span> <span class='ocrx_word' id='word_1_18' title='bbox 193 333 292 362; x_wconf 90' lang='lat' dir='ltr'><strong>rem</strong></span> <span class='ocrx_word' id='word_1_19' title='bbox 326 315 645 379; x_wconf 75' lang='lat' dir='ltr'><strong>impoffibilem</strong></span> <span class='ocrx_word' id='word_1_20' title='bbox 678 313 862 378; x_wconf 83' lang='lat' dir='ltr'><strong>aggreffi</strong></span> <span class='ocrx_word' id='word_1_21' title='bbox 889 348 902 366; x_wconf 93' lang='lat'>,</span> <span class='ocrx_word' id='word_1_22' title='bbox 939 312 1052 359; x_wconf 81' lang='lat' dir='ltr'><strong>ultra</strong></span> 
     </span>
     <span class='ocr_line' id='line_1_5' title="bbox 57 378 1049 444; baseline -0.005 -16"><span class='ocrx_word' id='word_1_23' title='bbox 57 382 317 444; x_wconf 74' lang='lat' dir='ltr'>opinionem</span> <span class='ocrx_word' id='word_1_24' title='bbox 343 381 676 427; x_wconf 77' lang='lat' dir='ltr'>multitudinem</span> <span class='ocrx_word' id='word_1_25' title='bbox 704 379 900 426; x_wconf 87' lang='lat' dir='ltr'><strong>hostium</strong></span> <span class='ocrx_word' id='word_1_26' title='bbox 923 378 1049 440; x_wconf 84' lang='lat' dir='ltr'><strong>supe·</strong></span> 
     </span>
     <span class='ocr_line' id='line_1_6' title="bbox 57 443 1050 511; baseline -0.005 -17"><span class='ocrx_word' id='word_1_27' title='bbox 57 450 222 494; x_wconf 51' lang='lat' dir='ltr'><strong>rarunt.</strong></span> <span class='ocrx_word' id='word_1_28' title='bbox 243 447 369 511; x_wconf 84' lang='lat' dir='ltr'><strong>Qid</strong></span> <span class='ocrx_word' id='word_1_29' title='bbox 382 447 516 509; x_wconf 81' lang='lat' dir='ltr'><strong>pluris</strong></span> <span class='ocrx_word' id='word_1_30' title='bbox 532 450 548 492; x_wconf 89' lang='lat'>?</span> <span class='ocrx_word' id='word_1_31' title='bbox 575 446 692 491; x_wconf 88' lang='lat' dir='ltr'><strong>bello</strong></span> <span class='ocrx_word' id='word_1_32' title='bbox 706 445 1002 507; x_wconf 81' lang='lat' dir='ltr'><strong>delinquentes</strong></span> <span class='ocrx_word' id='word_1_33' title='bbox 1016 443 1050 490; x_wconf 89' lang='lat' dir='ltr'><strong>fi</strong></span> 
     </span>
     <span class='ocr_line' id='line_1_7' title="bbox 57 510 1052 576; baseline -0.005 -17"><span class='ocrx_word' id='word_1_34' title='bbox 57 514 273 575; x_wconf 86' lang='lat' dir='ltr'><strong>puniveris</strong></span> <span class='ocrx_word' id='word_1_35' title='bbox 290 548 301 567; x_wconf 91' lang='lat'><strong>,</strong></span> <span class='ocrx_word' id='word_1_36' title='bbox 328 514 397 559; x_wconf 92' lang='lat' dir='ltr'><strong>vel</strong></span> <span class='ocrx_word' id='word_1_37' title='bbox 422 513 498 576; x_wconf 90' lang='lat' dir='ltr'><strong>qui</strong></span> <span class='ocrx_word' id='word_1_38' title='bbox 525 512 745 574; x_wconf 82' lang='lat' dir='ltr'><strong>deliquere</strong></span> <span class='ocrx_word' id='word_1_39' title='bbox 768 510 931 555; x_wconf 85' lang='lat' dir='ltr'><strong>iterum</strong></span> <span class='ocrx_word' id='word_1_40' title='bbox 957 525 1052 555; x_wconf 87' lang='lat' dir='ltr'><strong>non</strong></span> 
     </span>
     <span class='ocr_line' id='line_1_8' title="bbox 55 575 1050 643; baseline -0.006 -18"><span class='ocrx_word' id='word_1_41' title='bbox 55 592 258 643; x_wconf 81' lang='lat' dir='ltr'><strong>peccant,</strong></span> <span class='ocrx_word' id='word_1_42' title='bbox 286 578 354 624; x_wconf 90' lang='lat' dir='ltr'><strong>vel</strong></span> <span class='ocrx_word' id='word_1_43' title='bbox 380 578 535 642; x_wconf 86' lang='lat' dir='ltr'><strong>reliqui</strong></span> <span class='ocrx_word' id='word_1_44' title='bbox 549 590 668 623; x_wconf 86' lang='lat' dir='ltr'><strong>certo</strong></span> <span class='ocrx_word' id='word_1_45' title='bbox 682 588 806 622; x_wconf 89' lang='lat' dir='ltr'><strong>metu</strong></span> <span class='ocrx_word' id='word_1_46' title='bbox 818 591 949 637; x_wconf 87' lang='lat' dir='ltr'><strong>penes</strong></span> <span class='ocrx_word' id='word_1_47' title='bbox 962 575 1050 620; x_wconf 88' lang='lat' dir='ltr'><strong>vir-</strong></span> 
     </span>
     <span class='ocr_line' id='line_1_9' title="bbox 55 640 1051 698; baseline -0.006 -8"><span class='ocrx_word' id='word_1_48' title='bbox 55 656 198 690; x_wconf 87' lang='lat' dir='ltr'><strong>tutem</strong></span> <span class='ocrx_word' id='word_1_49' title='bbox 212 646 467 698; x_wconf 73' lang='lat' dir='ltr'><strong>retinentur,</strong></span> <span class='ocrx_word' id='word_1_50' title='bbox 481 640 717 690; x_wconf 67' lang='lat' dir='ltr'><strong>reetiffime</strong></span> <span class='ocrx_word' id='word_1_51' title='bbox 731 640 952 687; x_wconf 82' lang='lat' dir='ltr'><strong>annotavit</strong></span> <span class='ocrx_word' id='word_1_52' title='bbox 964 643 1051 685; x_wconf 81' lang='lat' dir='ltr'><strong>Ta-</strong></span> 
     </span>
     <span class='ocr_line' id='line_1_10' title="bbox 56 705 1052 771; baseline -0.004 -16"><span class='ocrx_word' id='word_1_53' title='bbox 56 710 167 756; x_wconf 85' lang='lat' dir='ltr'><strong>citus</strong></span> <span class='ocrx_word' id='word_1_54' title='bbox 206 715 224 771; x_wconf 90' lang='lat'>(</span> <span class='ocrx_word' id='word_1_55' title='bbox 255 713 414 758; x_wconf 74' lang='lat' dir='ltr'><strong>Annal.</strong></span> <span class='ocrx_word' id='word_1_56' title='bbox 444 708 498 758; x_wconf 88' lang='lat' dir='ltr'><strong>lib</strong></span> <span class='ocrx_word' id='word_1_57' title='bbox 534 710 644 756; x_wconf 83' lang='lat' dir='ltr'><strong>XII</strong></span> <span class='ocrx_word' id='word_1_58' title='bbox 672 709 690 766; x_wconf 95' lang='lat'>)</span> <span class='ocrx_word' id='word_1_59' title='bbox 726 708 838 753; x_wconf 91' lang='lat' dir='ltr'><strong>dum</strong></span> <span class='ocrx_word' id='word_1_60' title='bbox 859 705 938 752; x_wconf 89' lang='lat' dir='ltr'><strong>ait:</strong></span> <span class='ocrx_word' id='word_1_61' title='bbox 969 705 1052 752; x_wconf 85' lang='lat' dir='ltr'><strong>Sub</strong></span> 
     </span>
     <span class='ocr_line' id='line_1_11' title="bbox 65 772 1052 834; baseline -0.004 -13"><span class='ocrx_word' id='word_1_62' title='bbox 65 775 293 824; x_wconf 84' lang='lat' dir='ltr'><strong>Corbulone</strong></span> <span class='ocrx_word' id='word_1_63' title='bbox 321 793 396 822; x_wconf 87' lang='lat' dir='ltr'><strong>non</strong></span> <span class='ocrx_word' id='word_1_64' title='bbox 424 790 471 822; x_wconf 85' lang='lat' dir='ltr'><strong>ut</strong></span> <span class='ocrx_word' id='word_1_65' title='bbox 497 779 540 822; x_wconf 83' lang='lat' dir='ltr'><strong>in</strong></span> <span class='ocrx_word' id='word_1_66' title='bbox 560 774 650 821; x_wconf 79' lang='lat' dir='ltr'><strong>aliis</strong></span> <span class='ocrx_word' id='word_1_67' title='bbox 673 772 909 820; x_wconf 75' lang='lat' dir='ltr'><strong>exercitibm</strong></span> <span class='ocrx_word' id='word_1_68' title='bbox 925 805 938 828; x_wconf 90' lang='lat'><strong>,</strong></span> <span class='ocrx_word' id='word_1_69' title='bbox 964 775 1052 834; x_wconf 81' lang='lat' dir='ltr'><strong>pri-</strong></span> 
     </span>
     <span class='ocr_line' id='line_1_12' title="bbox 56 835 1052 904; baseline -0.003 -16"><span class='ocrx_word' id='word_1_70' title='bbox 56 858 166 888; x_wconf 80' lang='lat' dir='ltr'><strong>mum</strong></span> <span class='ocrx_word' id='word_1_71' title='bbox 191 847 437 904; x_wconf 80' lang='lat' dir='ltr'><strong>alterumque</strong></span> <span class='ocrx_word' id='word_1_72' title='bbox 452 841 635 887; x_wconf 56' lang='lat' dir='ltr'><strong>doliolum</strong></span> <span class='ocrx_word' id='word_1_73' title='bbox 649 843 768 887; x_wconf 63' lang='lat' dir='ltr'><strong>venia</strong></span> <span class='ocrx_word' id='word_1_74' title='bbox 776 835 1021 903; x_wconf 77' lang='lat' dir='ltr'><strong>sequebatur</strong></span> <span class='ocrx_word' id='word_1_75' title='bbox 1034 872 1052 894; x_wconf 92' lang='lat'><em>,</em></span> 
     </span>
     <span class='ocr_line' id='line_1_13' title="bbox 43 900 1052 971; baseline -0.002 -18"><span class='ocrx_word' id='word_1_76' title='bbox 43 957 45 959; x_wconf 48' lang='grc'><strong>,</strong></span> <span class='ocrx_word' id='word_1_77' title='bbox 75 906 121 954; x_wconf 81' lang='lat' dir='ltr'><strong>ed</strong></span> <span class='ocrx_word' id='word_1_78' title='bbox 133 910 199 971; x_wconf 84' lang='lat' dir='ltr'><strong>qui</strong></span> <span class='ocrx_word' id='word_1_79' title='bbox 210 903 325 970; x_wconf 70' lang='lat' dir='ltr'><strong>figna</strong></span> <span class='ocrx_word' id='word_1_80' title='bbox 351 906 559 968; x_wconf 79' lang='lat' dir='ltr'><strong>deseruerat</strong></span> <span class='ocrx_word' id='word_1_81' title='bbox 574 941 587 959; x_wconf 87' lang='lat'><strong><em>,</em></strong></span> <span class='ocrx_word' id='word_1_82' title='bbox 615 900 747 963; x_wconf 63' lang='lat' dir='ltr'><strong>statim</strong></span> <span class='ocrx_word' id='word_1_83' title='bbox 772 906 900 968; x_wconf 84' lang='lat' dir='ltr'><strong>capite</strong></span> <span class='ocrx_word' id='word_1_84' title='bbox 915 917 1052 966; x_wconf 79' lang='lat' dir='ltr'><strong>paenas</strong></span> 
     </span>
     <span class='ocr_line' id='line_1_14' title="bbox 55 968 1054 1036; baseline -0.004 -17"><span class='ocrx_word' id='word_1_85' title='bbox 55 972 214 1025; x_wconf 79' lang='lat' dir='ltr'><strong>luebat,</strong></span> <span class='ocrx_word' id='word_1_86' title='bbox 244 972 359 1035; x_wconf 83' lang='lat' dir='ltr'><strong>idque</strong></span> <span class='ocrx_word' id='word_1_87' title='bbox 386 970 462 1034; x_wconf 80' lang='lat' dir='ltr'><strong>usu</strong></span> <span class='ocrx_word' id='word_1_88' title='bbox 480 970 669 1036; x_wconf 76' lang='lat' dir='ltr'><strong>salubre,</strong></span> <span class='ocrx_word' id='word_1_89' title='bbox 700 978 756 1021; x_wconf 58' lang='grc' dir='ltr'><strong>θ’</strong></span> <span class='ocrx_word' id='word_1_90' title='bbox 783 968 1054 1034; x_wconf 49' lang='lat' dir='ltr'><strong>misericordi&amp;</strong></span> 
     </span>
     <span class='ocr_line' id='line_1_15' title="bbox 57 1031 1054 1101; baseline -0.004 -17"><span class='ocrx_word' id='word_1_91' title='bbox 57 1039 201 1084; x_wconf 82' lang='lat' dir='ltr'><strong>melius</strong></span> <span class='ocrx_word' id='word_1_92' title='bbox 226 1041 410 1101; x_wconf 76' lang='lat' dir='ltr'><strong>apparuit</strong></span> <span class='ocrx_word' id='word_1_93' title='bbox 426 1067 437 1085; x_wconf 83' lang='lat'><em>‚</em></span> <span class='ocrx_word' id='word_1_94' title='bbox 467 1041 608 1101; x_wconf 82' lang='lat' dir='ltr'><strong>quippe</strong></span> <span class='ocrx_word' id='word_1_95' title='bbox 632 1041 827 1099; x_wconf 80' lang='lat' dir='ltr'><strong>pauciores</strong></span> <span class='ocrx_word' id='word_1_96' title='bbox 848 1038 916 1082; x_wconf 75' lang='lat' dir='ltr'><strong>ma</strong></span> <span class='ocrx_word' id='word_1_97' title='bbox 930 1031 1054 1093; x_wconf 68' lang='lat' dir='ltr'><strong>casira</strong></span> 
     </span>
     <span class='ocr_line' id='line_1_16' title="bbox 58 1100 1049 1168; baseline -0.003 -20"><span class='ocrx_word' id='word_1_98' title='bbox 58 1103 257 1166; x_wconf 72' lang='lat' dir='ltr'><strong>deseruere</strong></span> <span class='ocrx_word' id='word_1_99' title='bbox 285 1138 302 1158; x_wconf 88' lang='lat'><em>,</em></span> <span class='ocrx_word' id='word_1_100' title='bbox 347 1121 465 1168; x_wconf 81' lang='lat' dir='ltr'><strong>quam</strong></span> <span class='ocrx_word' id='word_1_101' title='bbox 501 1109 543 1150; x_wconf 75' lang='lat' dir='ltr'><strong>in</strong></span> <span class='ocrx_word' id='word_1_102' title='bbox 584 1103 731 1167; x_wconf 58' lang='lat' dir='ltr'><strong>quibua</strong></span> <span class='ocrx_word' id='word_1_103' title='bbox 766 1100 1049 1165; x_wconf 72' lang='lat' dir='ltr'><strong>ignoscebatur.</strong></span> 
     </span>
     <span class='ocr_line' id='line_1_17' title="bbox 60 1164 1049 1231; baseline -0.003 -16"><span class='ocrx_word' id='word_1_104' title='bbox 60 1172 172 1216; x_wconf 91' lang='lat' dir='ltr'><strong>Non</strong></span> <span class='ocrx_word' id='word_1_105' title='bbox 197 1172 512 1215; x_wconf 80' lang='lat' dir='ltr'><strong>Romanorum</strong></span> <span class='ocrx_word' id='word_1_106' title='bbox 545 1169 722 1231; x_wconf 77' lang='lat' dir='ltr'><strong>antiqua</strong></span> <span class='ocrx_word' id='word_1_107' title='bbox 753 1179 851 1213; x_wconf 81' lang='lat' dir='ltr'><strong>aetas</strong></span> <span class='ocrx_word' id='word_1_108' title='bbox 879 1164 1019 1213; x_wconf 75' lang='lat' dir='ltr'><strong>modo</strong></span> <span class='ocrx_word' id='word_1_109' title='bbox 1036 1199 1049 1219; x_wconf 89' lang='lat'>‚</span> 
     </span>
     <span class='ocr_line' id='line_1_18' title="bbox 61 1232 1053 1294; baseline -0.005 -13"><span class='ocrx_word' id='word_1_110' title='bbox 61 1234 138 1281; x_wconf 88' lang='lat' dir='ltr'><strong>sed</strong></span> <span class='ocrx_word' id='word_1_111' title='bbox 163 1235 378 1280; x_wconf 86' lang='lat' dir='ltr'><strong>recentior</strong></span> <span class='ocrx_word' id='word_1_112' title='bbox 393 1235 560 1281; x_wconf 81' lang='lat' dir='ltr'><strong>Polona</strong></span> <span class='ocrx_word' id='word_1_113' title='bbox 583 1235 690 1279; x_wconf 88' lang='lat' dir='ltr'><strong>vidit</strong></span> <span class='ocrx_word' id='word_1_114' title='bbox 712 1235 755 1278; x_wconf 82' lang='lat'>&amp;</span> <span class='ocrx_word' id='word_1_115' title='bbox 770 1232 972 1294; x_wconf 80' lang='lat' dir='ltr'><strong>amplexa</strong></span> <span class='ocrx_word' id='word_1_116' title='bbox 992 1232 1053 1277; x_wconf 83' lang='lat' dir='ltr'><strong>est</strong></span> 
     </span>
     <span class='ocr_line' id='line_1_19' title="bbox 58 1296 1048 1359; baseline -0.003 -13"><span class='ocrx_word' id='word_1_117' title='bbox 58 1317 151 1346; x_wconf 89' lang='lat' dir='ltr'><strong>non</strong></span> <span class='ocrx_word' id='word_1_118' title='bbox 175 1300 396 1345; x_wconf 80' lang='lat' dir='ltr'><strong>dissimilia</strong></span> <span class='ocrx_word' id='word_1_119' title='bbox 419 1299 614 1345; x_wconf 81' lang='lat' dir='ltr'><strong>militaris</strong></span> <span class='ocrx_word' id='word_1_120' title='bbox 636 1296 871 1359; x_wconf 85' lang='lat' dir='ltr'><strong>disciplinae</strong></span> <span class='ocrx_word' id='word_1_121' title='bbox 896 1314 1048 1343; x_wconf 82' lang='lat' dir='ltr'><strong>exem-</strong></span> 
     </span>
     <span class='ocr_line' id='line_1_20' title="bbox 57 1363 1050 1427; baseline -0.004 -17"><span class='ocrx_word' id='word_1_122' title='bbox 57 1365 129 1427; x_wconf 81' lang='lat' dir='ltr'><strong>pla</strong></span> <span class='ocrx_word' id='word_1_123' title='bbox 151 1366 196 1410; x_wconf 89' lang='lat' dir='ltr'><strong>in</strong></span> <span class='ocrx_word' id='word_1_124' title='bbox 209 1365 286 1411; x_wconf 90' lang='lat' dir='ltr'><strong>illo</strong></span> <span class='ocrx_word' id='word_1_125' title='bbox 311 1366 512 1411; x_wconf 74' lang='lat' dir='ltr'><strong>maximo</strong></span> <span class='ocrx_word' id='word_1_126' title='bbox 524 1366 708 1409; x_wconf 87' lang='lat' dir='ltr'><strong>Ducum</strong></span> <span class='ocrx_word' id='word_1_127' title='bbox 724 1366 768 1409; x_wconf 69' lang='lat' dir='ltr'><strong>Sc</strong></span> <span class='ocrx_word' id='word_1_128' title='bbox 782 1363 940 1424; x_wconf 90' lang='lat' dir='ltr'><strong>cuique</strong></span> <span class='ocrx_word' id='word_1_129' title='bbox 953 1365 1050 1407; x_wconf 87' lang='lat' dir='ltr'><strong>Ro-</strong></span> 
     </span>
     <span class='ocr_line' id='line_1_21' title="bbox 59 1425 1051 1491; baseline -0.003 -15"><span class='ocrx_word' id='word_1_130' title='bbox 59 1446 300 1476; x_wconf 86' lang='lat' dir='ltr'><strong>manorum</strong></span> <span class='ocrx_word' id='word_1_131' title='bbox 319 1430 416 1491; x_wconf 69' lang='lat' dir='ltr'><strong>paui</strong></span> <span class='ocrx_word' id='word_1_132' title='bbox 448 1427 616 1491; x_wconf 69' lang='lat' dir='ltr'><strong>Joanne</strong></span> <span class='ocrx_word' id='word_1_133' title='bbox 646 1431 906 1491; x_wconf 59' lang='lat' dir='ltr'><strong>Zamoiskim</strong></span> <span class='ocrx_word' id='word_1_134' title='bbox 942 1425 1051 1473; x_wconf 74' lang='lat' dir='ltr'><strong>cum</strong></span> 
     </span>
     <span class='ocr_line' id='line_1_22' title="bbox 58 1492 1052 1556; baseline -0.003 -15"><span class='ocrx_word' id='word_1_135' title='bbox 58 1496 182 1542; x_wconf 87' lang='lat' dir='ltr'><strong>enirn</strong></span> <span class='ocrx_word' id='word_1_136' title='bbox 205 1495 324 1541; x_wconf 91' lang='lat' dir='ltr'><strong>bello</strong></span> <span class='ocrx_word' id='word_1_137' title='bbox 359 1495 574 1541; x_wconf 88' lang='lat' dir='ltr'><strong>Livonico</strong></span> <span class='ocrx_word' id='word_1_138' title='bbox 602 1529 615 1547; x_wconf 82' lang='lat'>,</span> <span class='ocrx_word' id='word_1_139' title='bbox 651 1493 879 1556; x_wconf 78' lang='lat' dir='ltr'><strong>cujusdam</strong></span> <span class='ocrx_word' id='word_1_140' title='bbox 904 1492 1052 1539; x_wconf 65' lang='lat' dir='ltr'><strong>delich&#39;</strong></span> 
     </span>
     <span class='ocr_line' id='line_1_23' title="bbox 58 1559 1052 1624; baseline -0.002 -18"><span class='ocrx_word' id='word_1_141' title='bbox 58 1561 286 1606; x_wconf 82' lang='lat' dir='ltr'><strong>damnaret</strong></span> <span class='ocrx_word' id='word_1_142' title='bbox 311 1578 401 1607; x_wconf 90' lang='lat' dir='ltr'><strong>non</strong></span> <span class='ocrx_word' id='word_1_143' title='bbox 425 1562 700 1624; x_wconf 85' lang='lat' dir='ltr'><strong>postremum</strong></span> <span class='ocrx_word' id='word_1_144' title='bbox 726 1559 910 1623; x_wconf 84' lang='lat' dir='ltr'><strong>legionis</strong></span> <span class='ocrx_word' id='word_1_145' title='bbox 940 1562 1052 1604; x_wconf 64' lang='lat' dir='ltr'><strong>Prae-</strong></span> 
     </span>
     <span class='ocr_line' id='line_1_24' title="bbox 59 1625 1054 1690; baseline -0.002 -18"><span class='ocrx_word' id='word_1_146' title='bbox 59 1626 234 1672; x_wconf 58' lang='lat' dir='ltr'><strong>fefitum</strong></span> <span class='ocrx_word' id='word_1_147' title='bbox 246 1660 261 1678; x_wconf 86' lang='lat'>‚</span> <span class='ocrx_word' id='word_1_148' title='bbox 274 1625 332 1671; x_wconf 86' lang='lat' dir='ltr'><strong>ob</strong></span> <span class='ocrx_word' id='word_1_149' title='bbox 348 1626 483 1690; x_wconf 90' lang='lat' dir='ltr'><strong>idque</strong></span> <span class='ocrx_word' id='word_1_150' title='bbox 494 1625 784 1672; x_wconf 83' lang='lat' dir='ltr'><strong>acerbioribus</strong></span> <span class='ocrx_word' id='word_1_151' title='bbox 816 1626 1054 1670; x_wconf 64' lang='lat' dir='ltr'><strong>castrorum</strong></span> 
     </span>
     <span class='ocr_line' id='line_1_25' title="bbox 60 1690 1132 1753; baseline -0.003 -16"><span class='ocrx_word' id='word_1_152' title='bbox 60 1691 187 1737; x_wconf 61' lang='lat' dir='ltr'><strong>dietis</strong></span> <span class='ocrx_word' id='word_1_153' title='bbox 223 1691 595 1753; x_wconf 84' lang='lat' dir='ltr'><strong>proscinderetur,</strong></span> <span class='ocrx_word' id='word_1_154' title='bbox 631 1704 681 1737; x_wconf 92' lang='lat' dir='ltr'><strong>ut</strong></span> <span class='ocrx_word' id='word_1_155' title='bbox 716 1707 807 1736; x_wconf 86' lang='lat' dir='ltr'><strong>non</strong></span> <span class='ocrx_word' id='word_1_156' title='bbox 843 1690 1057 1736; x_wconf 83' lang='lat' dir='ltr'><strong>dubitaret</strong></span> <span class='ocrx_word' id='word_1_157' title='bbox 1130 1749 1132 1751; x_wconf 25' lang='grc'>-</span> 
     </span>
     <span class='ocr_line' id='line_1_26' title="bbox 59 1754 1055 1820; baseline -0.002 -18"><span class='ocrx_word' id='word_1_158' title='bbox 59 1758 241 1820; x_wconf 80' lang='lat' dir='ltr'><strong>quidam</strong></span> <span class='ocrx_word' id='word_1_159' title='bbox 258 1761 534 1819; x_wconf 61' lang='lat' dir='ltr'><strong>szoiskium</strong></span> <span class='ocrx_word' id='word_1_160' title='bbox 546 1756 688 1819; x_wconf 77' lang='lat' dir='ltr'><strong>palam</strong></span> <span class='ocrx_word' id='word_1_161' title='bbox 701 1756 815 1802; x_wconf 86' lang='lat' dir='ltr'><strong>adire</strong></span> <span class='ocrx_word' id='word_1_162' title='bbox 829 1759 873 1802; x_wconf 60' lang='grc' dir='ltr'>ἃ</span> <span class='ocrx_word' id='word_1_163' title='bbox 886 1754 1055 1818; x_wconf 82' lang='lat' dir='ltr'><strong>persua-</strong></span> 
     </span>
     <span class='ocr_line' id='line_1_27' title="bbox 61 1820 1053 1884; baseline -0.001 -16"><span class='ocrx_word' id='word_1_164' title='bbox 61 1824 187 1875; x_wconf 83' lang='lat' dir='ltr'><strong>dere,</strong></span> <span class='ocrx_word' id='word_1_165' title='bbox 214 1835 264 1868; x_wconf 87' lang='lat' dir='ltr'><strong>ut</strong></span> <span class='ocrx_word' id='word_1_166' title='bbox 283 1822 427 1868; x_wconf 68' lang='lat' dir='ltr'><strong>habita</strong></span> <span class='ocrx_word' id='word_1_167' title='bbox 449 1823 614 1868; x_wconf 82' lang='lat' dir='ltr'><strong>ratione</strong></span> <span class='ocrx_word' id='word_1_168' title='bbox 626 1822 794 1867; x_wconf 79' lang='lat' dir='ltr'><strong>illustris</strong></span> <span class='ocrx_word' id='word_1_169' title='bbox 806 1820 1025 1884; x_wconf 57' lang='lat' dir='ltr'><strong>{unguinis</strong></span> <span class='ocrx_word' id='word_1_170' title='bbox 1039 1855 1053 1875; x_wconf 91' lang='lat'>‚</span> 
     </span>
     <span class='ocr_line' id='line_1_28' title="bbox 62 1887 1053 1950; baseline -0.003 -16"><span class='ocrx_word' id='word_1_171' title='bbox 62 1889 243 1934; x_wconf 76' lang='lat' dir='ltr'><strong>mollius</strong></span> <span class='ocrx_word' id='word_1_172' title='bbox 283 1888 338 1933; x_wconf 90' lang='lat' dir='ltr'><strong>de</strong></span> <span class='ocrx_word' id='word_1_173' title='bbox 371 1887 654 1950; x_wconf 86' lang='lat' dir='ltr'><strong>delinquente</strong></span> <span class='ocrx_word' id='word_1_174' title='bbox 679 1888 953 1941; x_wconf 81' lang='lat' dir='ltr'><strong>decerneret,</strong></span> <span class='ocrx_word' id='word_1_175' title='bbox 986 1903 1053 1932; x_wconf 87' lang='lat' dir='ltr'><strong>re-</strong></span> 
     </span>
     <span class='ocr_line' id='line_1_29' title="bbox 62 1951 1056 2015; baseline -0.002 -16"><span class='ocrx_word' id='word_1_176' title='bbox 62 1953 274 2015; x_wconf 87' lang='lat' dir='ltr'><strong>spondere</strong></span> <span class='ocrx_word' id='word_1_177' title='bbox 295 1970 386 1999; x_wconf 88' lang='lat' dir='ltr'><strong>non</strong></span> <span class='ocrx_word' id='word_1_178' title='bbox 407 1952 625 1999; x_wconf 72' lang='lat' dir='ltr'><strong>dubitarit.</strong></span> <span class='ocrx_word' id='word_1_179' title='bbox 659 1953 784 2015; x_wconf 81' lang='lat' dir='ltr'><strong>Qid</strong></span> <span class='ocrx_word' id='word_1_180' title='bbox 798 1964 847 1998; x_wconf 89' lang='lat' dir='ltr'><strong>tu</strong></span> <span class='ocrx_word' id='word_1_181' title='bbox 860 1951 975 1998; x_wconf 79' lang='lat' dir='ltr'><strong>mihi</strong></span> <span class='ocrx_word' id='word_1_182' title='bbox 988 1951 1056 1998; x_wconf 86' lang='lat' dir='ltr'><strong>so-</strong></span> 
     </span>
     <span class='ocr_line' id='line_1_30' title="bbox 64 2018 1058 2082; baseline -0.001 -17"><span class='ocrx_word' id='word_1_183' title='bbox 64 2019 128 2065; x_wconf 80' lang='lat' dir='ltr'><strong>los</strong></span> <span class='ocrx_word' id='word_1_184' title='bbox 144 2020 262 2082; x_wconf 76' lang='lat' dir='ltr'><strong>lyxas</strong></span> <span class='ocrx_word' id='word_1_185' title='bbox 276 2036 421 2080; x_wconf 66' lang='lat' dir='ltr'><strong>poenae</strong></span> <span class='ocrx_word' id='word_1_186' title='bbox 437 2019 674 2064; x_wconf 80' lang='lat' dir='ltr'><strong>castrorum</strong></span> <span class='ocrx_word' id='word_1_187' title='bbox 688 2018 1058 2081; x_wconf 82' lang='lat' dir='ltr'><strong>objicis‚quorum</strong></span> 
     </span>
     <span class='ocr_line' id='line_1_31' title="bbox 64 2084 1059 2148; baseline 0 -18"><span class='ocrx_word' id='word_1_188' title='bbox 64 2102 158 2131; x_wconf 85' lang='lat' dir='ltr'><strong>non</strong></span> <span class='ocrx_word' id='word_1_189' title='bbox 194 2085 395 2148; x_wconf 53' lang='lat' dir='ltr'><strong>ingenue</strong></span> <span class='ocrx_word' id='word_1_190' title='bbox 442 2084 704 2146; x_wconf 84' lang='lat' dir='ltr'><strong>fimplicitati</strong></span> <span class='ocrx_word' id='word_1_191' title='bbox 748 2084 899 2146; x_wconf 77' lang='lat' dir='ltr'><strong>utique</strong></span> <span class='ocrx_word' id='word_1_192' title='bbox 932 2084 1059 2130; x_wconf 76' lang='lat' dir='ltr'><strong>citius</strong></span> 
     </span>
     <span class='ocr_line' id='line_1_32' title="bbox 70 2150 1060 2214; baseline -0.002 -18"><span class='ocrx_word' id='word_1_193' title='bbox 70 2151 361 2197; x_wconf 73' lang='lat' dir='ltr'><strong>condonarim</strong></span> <span class='ocrx_word' id='word_1_194' title='bbox 374 2151 539 2198; x_wconf 72' lang='lat' dir='ltr'><strong>etiamsi</strong></span> <span class='ocrx_word' id='word_1_195' title='bbox 553 2150 816 2214; x_wconf 85' lang='lat' dir='ltr'><strong>deliquerint</strong></span> <span class='ocrx_word' id='word_1_196' title='bbox 830 2184 842 2204; x_wconf 91' lang='lat'>‚</span> <span class='ocrx_word' id='word_1_197' title='bbox 862 2165 1060 2213; x_wconf 82' lang='lat' dir='ltr'><strong>quorum</strong></span> 
     </span>
     <span class='ocr_line' id='line_1_33' title="bbox 999 2227 1066 2261; baseline -0.015 0"><span class='ocrx_word' id='word_1_198' title='bbox 999 2227 1066 2261; x_wconf 72' lang='lat' dir='ltr'><strong>uti</strong></span> 
     </span>
    </p>
   </div>
   <div class='ocr_carea' id='block_1_3' title="bbox 18 0 56 2490">
    <p class='ocr_par' dir='ltr' id='par_1_3' title="bbox 18 0 56 2490">
     <span class='ocr_line' id='line_1_34' title="bbox 18 0 56 412; baseline 0 -133"><span class='ocrx_word' id='word_1_199' title='bbox 18 0 56 412; x_wconf 95' lang='lat' dir='ltr'><strong>  </strong></span> 
     </span>
     <span class='ocr_line' id='line_1_35' title="bbox 18 412 56 934; baseline 0 -132"><span class='ocrx_word' id='word_1_200' title='bbox 18 412 56 934; x_wconf 95' lang='lat' dir='ltr'><strong>       </strong></span> 
     </span>
     <span class='ocr_line' id='line_1_36' title="bbox 18 934 56 2490; baseline 0 0"><span class='ocrx_word' id='word_1_201' title='bbox 18 934 56 2490; x_wconf 95' lang='lat' dir='ltr'><strong>   </strong></span> 
     </span>
    </p>
   </div>
  </div>
 </body>
</html>
