1320 2490
238 96 482 141 sempr.
520 93 930 143 FRAGMENTAJ
992 96 1086 157 17⁸

158 181 186 225 S
190 180 357 226 editiofi
384 184 403 242 (
415 190 489 226 aut
497 179 642 243 potius
651 179 916 227 seditionum
926 179 1079 227 austo-

92 244 194 308 res)
229 246 344 291 inter
375 245 420 292 se
441 244 752 292 committendi
775 261 852 308 per
874 255 1083 292 mutuam

91 310 378 357 diffidentiam
393 345 406 364 ‚
430 311 499 357 vel
511 312 682 373 praemii
693 310 856 374 accepti
877 308 902 357 ὲ
912 309 1080 359 Princi-

89 392 145 438 pe
159 411 170 430 ,
195 377 262 423 vel
274 377 428 439 privati
442 377 568 423 studii
582 409 594 429 ,
608 377 743 423 velex
755 376 1083 439 comparatione

89 443 259 489 virtutis
287 446 306 503 ζ
320 459 417 505 quae
430 441 577 488 odiosa
585 441 715 499 sunt)
742 443 812 488 vel
833 457 888 487 ex
899 440 1081 488 aemula-

87 507 208 554 tione
231 509 483 561 honorum,
507 508 539 552 fi
564 506 721 569 abjecti
744 521 852 554 cum
874 505 1082 571 ingenuis

87 584 439 620 commutantur.

153 641 204 684 M
210 640 358 685 utandi
379 637 611 701 aliquando
624 635 882 684 cohortium
894 636 1042 686 Duces
1066 638 1088 695 ,³

87 704 326 766 quominus
337 721 364 749 v
351 704 503 749 aleant
513 720 567 749 ex
580 703 784 749 novitate.

153 771 295 832 Qod
308 769 446 832 speras
470 766 548 815 ate
558 785 636 836 per
655 767 916 815 seditionem
929 779 1078 814 extor-
1103 830 1106 831 ⁷
1133 823 1136 826 Δ

89 836 350 898 quendum?
361 837 493 898 patim
508 829 637 898 flwrite
648 832 742 895 offer
754 850 835 888 ,ne
846 844 1077 882 extortum
1119 864 1122 865 ν

88 902 174 946 esse
198 901 419 953 videatur,
444 903 488 947 ὃς
509 900 672 963 aliquid
693 899 916 947 extorsisse
935 900 1076 964 aisne-

83 965 215 1018 facti,
239 935 419 1029 semper
423 965 571 1012 velint.

153 1031 291 1094 Typis
337 1030 514 1094 divulga
559 1031 813 1089 injustitiam
857 1030 1079 1093 petitionis

87 1100 131 1144 &
144 1096 364 1143 seditionis
378 1130 392 1150 ,
417 1097 490 1142 sed
503 1096 590 1143 hoc
611 1097 655 1142 in
668 1097 948 1143 seditionibus
970 1098 1078 1144 Pro·

87 1162 339 1209 vincialibus
362 1161 601 1224 praesertim
614 1163 931 1224 usurpandum.

152 1228 263 1276 Noli
276 1228 431 1274 minari
444 1262 457 1281 ‚
482 1227 554 1275 sed
565 1228 708 1290 potius
718 1228 840 1289 spem
855 1228 996 1274 veniae
1003 1226 1074 1274 of-

84 1295 176 1347 fer,
199 1295 266 1340 vel
289 1294 319 1340 fi
344 1294 499 1356 punire
516 1294 738 1341 neceffum
749 1293 833 1346 fit,
850 1308 984 1354 poena
994 1292 1077 1340 sub

10 1367 13 1372 ⁴
83 1376 220 1408 manu
231 1359 437 1406 nascatur.

150 1429 346 1471 Externo
364 1424 485 1470 ‘bello
508 1423 802 1470 distrahuntur
823 1422 989 1476 civilia,
1024 1425 1073 1470 &

83 1490 310 1538 seditiones
323 1489 674 1552 impediuntur‚1i
686 1490 815 1536 ducas
826 1486 1011 1554 propere
1024 1489 1074 1536 in

14 1561 19 1564 ’
82 1558 270 1603 hostem

154 1621 363 1668 Habeata
340 1620 531 1683 aliquam
557 1620 894 1683 occupationem
927 1633 1070 1682 popa-

85 1688 241 1750 pulus‚
256 1703 312 1732 ne
324 1702 434 1731 nova
446 1686 656 1732 moliatur
666 1703 743 1748 per
755 1686 829 1748 qui
835 1696 967 1731 etem.

150 1751 416 1799 Exarmandi
427 1750 608 1812 suspeffi
620 1751 772 1813 populi
793 1749 969 1813 &plebs
980 1783 994 1803 ,
1020 1764 1078 1796 ne

82 1820 193 1865 item
218 1817 311 1864 tabl
312 1834 359 1863 os
373 1834 594 1862 novorum
617 1832 846 1863 almorum
859 1815 1044 1862 habeant
1058 1843 1081 1868 ,

45 1905 48 1918 2
66 1924 69 1925 7
87 1901 142 1930 ne
153 1895 412 1930 mercatores
424 1899 544 1928 arma
556 1882 803 1936 divendant,
817 1897 872 1927 ne
883 1897 988 1928 cum
1002 1896 1070 1926 ar-

46 1991 47 1994 ,
86 1951 172 1996 mis
180 1951 388 2011 juventus
400 1948 569 1994 incedat
580 1983 593 2001 ,
620 1965 674 1993 ne
686 1947 913 2009 pulverem
936 1947 1071 1992 nitra·

4 2047 10 2050 -
81 2027 182 2061 tum
195 2014 286 2059 fieri
298 2027 473 2067 curent,
499 2031 555 2059 ne
565 2013 690 2060 urbes
703 2016 748 2060 &
759 2014 918 2059 domos
930 2013 1072 2074 priva·

82 2094 143 2126 tas
156 2094 228 2126 aut
240 2080 402 2125 castella
414 2080 641 2133 muniant,
664 2096 720 2125 ne
741 2079 977 2142 legationes
989 2094 1066 2124 ex-

0 2134 1 2138 ¹
80 2158 278 2197 terorum
301 2146 532 2211 recipiant,
555 2157 630 2191 aut
650 2145 742 2194 suas
763 2143 848 2197 alio
871 2144 1065 2192 mittant.

566 2213 610 2260 H
643 2227 677 2275 5
921 2208 1070 2262 Ducis
