1320 2490
217 44 269 68 «κ-

258 111 347 156 252
386 95 657 138 ANDREAE
691 93 848 138 MAx.
886 92 1136 139 Fnssnno

256 184 453 247 regrinos
465 195 566 228 ortu
579 182 835 229 deferuntur
847 183 1039 245 sceptra)
1063 186 1235 246 Regem

259 250 386 312 eligi,
418 261 469 294 ut
479 248 635 294 fabulae
650 249 749 294 loco
761 249 812 295 fit
827 283 838 302 ,
855 252 1031 312 Regem
1044 248 1086 294 se
1098 254 1247 296 crean-'

257 314 367 359 dum
414 313 590 375 sperare.
631 316 730 360 Nec
772 315 903 360 sciam
941 317 1032 374 ejus
1071 313 1233 361 infimiae

256 378 513 441 exemplum
529 413 541 431 ,
579 378 674 424 imo
696 380 840 441 potius
862 378 1133 424 observatum
1167 378 1239 426 ha·
1267 419 1269 421 .

258 444 385 489 bean]
410 443 488 489 sub
499 444 750 507 iiitem·egno
763 444 940 490 Henrici
956 478 967 496 ‚
992 459 1100 489 cum
1113 443 1239 506 aliqui

258 509 425 555 civium
449 507 566 554 ultro
590 510 641 554 ad
663 526 851 572 regnum
876 521 1154 562 vocarentur,
1178 525 1240 555 re-

259 574 454 620 cusarent
476 587 625 620 tamen
652 572 852 621 insolenti
893 574 1097 620 fortunae.
1148 576 1239 620 Ne-

260 655 348 701 que
371 640 504 684 eriam
529 639 604 692 fit,
630 651 679 685 ut
699 641 743 685 in
770 641 955 701 privatos
970 639 1080 685 cives
1091 639 1257 702 aliquis-

256 705 558 766 potentiorum
571 705 726 766 paffim
740 705 962 751 insolescat
975 739 986 757 ‚
1007 720 1111 750 cum
1126 701 1250 754 enim⁸

255 785 348 815 non
360 769 442 815 levi
467 770 736 831 Reipublicae
749 787 903 816 arcano
917 805 930 823 ,
955 786 1044 816 non
1058 770 1188 816 simul
1198 769 1243 818 in

254 835 521 890 civitatibus,
546 836 618 881 sed
642 836 920 901 disgregatim
943 852 1018 899 per
1038 834 1111 882 sua
1131 835 1245 899 quis?-

255 917 345 964 que
365 917 465 947 rura
485 905 530 949 δί
555 903 736 948 Castella
758 903 924 949 nobiles
950 901 1170 955 habitant,
1194 900 1248 948 ab

255 982 306 1013 ea
317 965 433 1014 certe
446 967 708 1031 separatione
722 1003 735 1021 ‚
759 983 839 1014 nec
851 967 972 1014 caufil
983 965 1245 1014 offensarum

260 1038 380 1096 (quae
414 1033 567 1096 saepius
591 1045 708 1080 amat
741 1031 764 1079 ἐι
785 1031 982 1096 praesenti
1016 1033 1252 1096 congreflii.

259 1099 455 1157 oboriri)
478 1100 591 1145 adest
605 1137 621 1157 ,
641 1115 724 1146 nec
746 1100 854 1146 item
868 1099 1034 1145 occasio
1047 1098 1247 1144 vindistae

249 1165 384 1211 restat
415 1165 460 1211 in
490 1165 777 1230 disgregatos,
816 1177 866 1210 ut
889 1164 1014 1211 mille
1034 1164 1113 1210 alia
1134 1164 1245 1210 bona

253 1229 610 1295 subticeam,quae
622 1232 669 1276 in
679 1231 907 1295 publicum
921 1230 973 1277 ab
985 1247 1032 1276 ea
1044 1227 1248 1277 manendi

191 1315 194 1317 *
253 1295 520 1357 separatione
553 1298 830 1360 proveniunt.
880 1296 951 1343 Sic
984 1297 1119 1360 igitur
1150 1294 1248 1357 pul-

255 1361 363 1407 chra
376 1362 601 1408 causarum
626 1363 737 1408 inter
748 1363 791 1408 se
803 1362 1108 1408 concordantia
1122 1395 1134 1413 ‚
1153 1360 1246 1406 sua-

256 1425 368 1471 viter
380 1426 568 1471 volvitur
581 1427 852 1488 Reipublicae
865 1428 1017 1472 nostrae
1030 1425 1144 1472 orbis
1156 1459 1169 1477 ,
1195 1434 1248 1470 ut

256 1491 401 1551 potius
414 1490 577 1538 civium
591 1492 783 1555 potentia
796 1495 840 1538 &
856 1490 1100 1537 numerosae
1113 1489 1246 1534 clien-

253 1556 351 1601 telae
363 1557 530 1618 prosint
543 1591 555 1610 ,
573 1555 708 1620 quim
722 1557 864 1603 obfint
876 1556 1014 1609 statui3
1030 1571 1135 1600 nam
1147 1550 1246 1600 ver&

255 1622 442 1683 gratuita
454 1622 720 1683 optimatum
735 1621 916 1667 subfidia
929 1655 941 1673 ‚
970 1620 1159 1683 duplum
1170 1618 1245 1664 sae-

254 1702 310 1747 pe
344 1703 583 1733 numerum
621 1686 996 1733 mercenariorum
1030 1686 1241 1747 superant.

253 1753 326 1798 De
348 1751 502 1815 legum
525 1752 667 1815 poenis
679 1753 866 1815 loquor,
904 1768 995 1797 non
1031 1746 1242 1797 incurios&
1298 1750 1301 1795 j

253 1833 350 1863 rem
376 1818 632 1864 subnedtere
647 1820 798 1879 juvat,
824 1830 991 1864 utcum
1012 1816 1134 1863 solita
1147 1817 1243 1862 No-
1298 1855 1300 1859 .

255 1881 414 1928 bilium
427 1898 560 1944 poena
572 1886 623 1930 ad
635 1884 866 1930 seffionem
892 1883 1068 1928 carceris
1091 1881 1247 1928 refera-

253 1958 324 1991 tur
341 1948 439 2006 (nifi
453 1949 605 2012 ingens
618 1951 716 1996 alias
729 1950 943 1996 delictum
955 1963 1136 2011 poenam
1149 1946 1241 1992 san-

253 2013 397 2073 guinis
421 2017 515 2074 post
528 2016 570 2060 se
585 2016 757 2073 trahat)
785 2032 873 2062 non
899 2026 1046 2060 tamen
1059 2015 1242 2060 incarce-
1295 2047 1297 2050 Α

253 2089 450 2123 ratorurn
465 2090 603 2128 turres
618 2116 630 2135 ‚
656 2081 812 2128 crebris
826 2080 1074 2127 custodibus
1104 2082 1121 2140 (
1136 2078 1244 2123 dum

256 2141 428 2206 semper
438 2157 591 2208 apertae
605 2148 774 2212 patent)
790 2159 863 2195 aut
874 2144 1244 2196 ferramentorum

1126 2221 1244 2273 repa·
