1320 2490
255 125 940 173 Scn1pT.FnA<-‚MENTKJ
998 139 1094 187 243·

99 224 148 254 ac
172 209 463 270 stipendiarius
489 210 615 256 miles
648 209 834 272 publicis
870 209 1091 256 Praefeffis

99 273 281 328 suberit,
318 287 368 321 ut
390 275 514 321 miles
536 276 796 338 stipendium
819 279 864 323 ὃς
890 275 1091 323 officium

105 339 376 402 Reipublicae
389 341 553 387 debeat.

59 457 61 462 η
177 424 190 451 1
204 411 244 453 6
284 407 516 469 Qamdiu
540 405 708 470 Regius
721 405 891 470 sanguis
904 406 979 452 ab
967 422 1087 454 inco

101 470 267 517 larum
260 488 380 531 jure,
407 485 507 519 tum
532 472 793 534 cognatione
806 472 953 518 aberit.

174 553 243 594 17.
282 535 514 600 Qamdiu
536 536 670 582 aberit
693 535 883 582 absoluta
905 540 1091 600 Regum

101 619 125 646 a
148 602 377 662 potestate,
414 602 642 666 dignitates
667 604 712 649 &
736 602 878 648 officia
901 603 1062 665 Regni
1073 636 1088 655 ,

56 671 59 674 ’
99 678 198 720 tum
211 667 359 713 bona
347 684 392 713 in
402 667 692 714 benemeritos
724 667 835 713 cives
858 667 1093 731 privilegiis

102 732 278 786 collata,
303 749 384 796 pro
397 733 546 779 libitu
535 746 693 779 iterum
706 731 886 778 auferre.

173 816 187 844 1
199 800 241 845 S.
279 799 509 861 OQamdiu
522 815 603 860 pro
614 798 874 844 authoritate
885 797 1088 845 Primatis

99 861 405 910 laborabimus.

174 946 243 988 19.
283 928 513 990 Qamdiu
525 928 710 974 residens
724 932 928 982 Senatus,
955 929 1085 975 inter-

98 992 212 1038 stitio
246 994 550 1040 Comitiorum
587 995 772 1057 Regi&
807 994 932 1040 rebus
954 994 1090 1041 aderit

51 1067 54 1069 ’
99 1073 205 1104 cum
219 1059 453 1122 diligentia.

170 1142 244 1169 20.
282 1124 512 1187 Qamdiu
533 1124 721 1186 antiquae
753 1124 869 1188 leges
901 1124 1087 1173 severius

99 1188 438 1235 observabuntur
449 1206 525 1252 per
536 1191 703 1245 omnia,
713 1203 805 1236 non
818 1202 866 1236 ut
878 1190 1089 1238 curiofius

99 1254 362 1300 innoventur
380 1269 399 1314 L
411 1273 500 1301 rara
512 1256 667 1318 quidem
681 1256 818 1319 ubtque
824 1268 1003 1317 gemtum
1017 1259 1099 1304 lex*

96 1319 332 1382 quaeomnib
325 1338 365 1367 ις
379 1325 420 1366 in
435 1335 634 1367 commune
645 1322 808 1383 placeat,
816 1319 887 1383 sed
897 1337 945 1367 ea
953 1335 1090 1381 unque

90 1384 310 1447 probatur,
335 1402 416 1448 quae
442 1405 481 1431 n
471 1390 585 1447 ajori
598 1391 700 1446 parti
715 1389 866 1431 civium
881 1382 1040 1447 pmdel?
1058 1384 1091 1448 ]

168 1468 192 1495 2
207 1468 242 1495 1.
281 1451 508 1512 Ouamdiu
523 1451 624 1496 belli
638 1454 681 1497 ἓξ
695 1463 809 1514 togae
822 1451 965 1511 plima
978 1468 1081 1497 mu-

102 1514 171 1560 nia
185 1549 197 1567 ‚
234 1514 356 1561 bonis
382 1520 427 1563 ὃς
452 1517 655 1562 modestis
678 1532 758 1577 pro
772 1515 933 1561 virtute
943 1549 957 1569 ‚
991 1532 1086 1562 non

97 1595 175 1639 pro
189 1581 431 1642 petentium
442 1581 609 1626 ambitu
621 1581 914 1626 conferentur.

170 1662 242 1690 22.
285 1646 514 1707 Qamdiu
539 1645 802 1690 confidentia
825 1645 936 1691 inter
957 1646 1085 1693 status

47 1717 51 1721 ’
100 1710 293 1755 manebit
306 1744 318 1761 ‚
343 1713 387 1755 ὃς
401 1711 563 1755 civium
580 1711 824 1756 concordia.

166 1793 188 1820 2
199 1790 237 1834 3.
275 1775 578 1837 Qoadusque
591 1779 757 1838 Sagum
780 1792 868 1821 non
881 1776 1088 1838 praevale-³

96 1840 159 1886 bit
172 1842 324 1903 Togae.

170 1923 243 1964 24
270 1906 502 1967 Qamdiu
513 1905 619 1952 fides
633 1907 817 1953 Ducum
829 1910 874 1954 &
887 1907 1087 1956 militaris

98 1970 320 2033 disciplina
340 1972 515 2034 vigebit.

164 2053 237 2096 25
264 2038 463 2099 Qamdi
466 2055 494 2082 u
507 2037 614 2083 Belli
624 2018 772 2084 Duces
785 2039 922 2101 Sago
910 2039 1086 2093 intenti,

94 2102 234 2148 castris
244 2100 287 2147 se
298 2103 529 2156 tenebunt,
557 2101 738 2166 procul
721 2121 744 2151 a
755 2104 986 2189 Comitiis,
1002 2103 1080 2153 ὃ(
1060 2122 1103 2152 a.

45 2189 72 2237 j
93 2167 288 2238 potentia
311 2167 528 2219 suadendi.

567 2237 604 2283 L
637 2254 671 2299 5
1002 2239 1078 2285 26„
