1320 2490
210 130 305 175 244
342 116 612 161 ANDREAE
647 114 801 160 MAx.
840 114 1094 161 FREDRo

280 204 353 245 26.
392 198 625 261 Qamdiu
670 198 948 245 Catholicam
997 196 1201 262 Religio-

214 280 319 310 nem
333 266 435 309 Rex
462 265 632 312 &cives
643 280 751 310 cum
764 263 886 310 cultu
915 265 1087 327 Virginbs
1119 265 1202 310 Dei

212 331 385 377 Matris
395 331 636 376 constanter
647 329 857 375 tenebunt
881 333 923 377 ὃς
936 329 1180 375 tuebuntur
1190 363 1203 383 ,

215 395 287 455 [in
297 411 396 441 eam
408 394 513 442 verb
526 411 623 441 rem
635 395 1052 441 commodissimum
1074 394 1204 447 foret,

211 461 396 524 antiquo
410 478 552 513 more,
564 462 643 507 ime>
652 473 725 522 pro
742 461 917 524 Ecclefie
926 464 1015 522 jure
1029 460 1207 523 Episco-
1262 521 1266 524 Δ

212 541 294 588 pos
319 542 395 588 per
415 527 616 589 Capitula
635 542 717 587 pro
742 528 903 573 virtute
915 526 1015 590 eligi
1031 560 1043 579 ,
1069 524 1210 589 quum·

212 592 326 638 dum
348 592 402 637 ab
423 592 557 638 obvio
580 592 835 654 Principum
860 604 1059 638 creantur
1073 626 1084 645 ,
1128 591 1206 654 (ὃς

212 670 450 720 antequam
476 674 579 703 oves
603 656 694 703 suas
718 656 952 719 noverint)
991 657 1205 720 transpor—

213 734 362 769 tantur
385 723 686 783 favore‚]tunc
704 721 807 769 verb
822 722 992 769 favente
1003 725 1207 775 Deo,Po-

213 787 429 836 lonorum
453 805 620 835 nomen
643 788 821 852 Resque
842 788 1014 852 publica
1037 805 1141 834 cum
1155 788 1213 834 li-

217 854 385 900 bertate
423 854 445 918 (
457 855 602 915 accipe
650 857 803 900 Omen
838 871 929 901 non
976 870 1030 900 ex
1066 852 1206 917 falso)
1260 876 1261 879 ¹

217 921 264 967 D
279 923 322 965 U
340 924 383 965 R
405 924 445 967 A
459 923 500 964 T
514 923 556 965 U
574 922 618 965 R
634 923 672 966 A
683 956 691 966 .

285 988 387 1032 Hoc
409 986 495 1032 loci
517 1002 608 1031 non
630 987 725 1031 leve
757 1001 964 1031 arcanum
998 984 1043 1029 in
1067 983 1211 1046 palam

217 1051 472 1114 protrahere
480 1053 616 1113 juvat.
654 1051 780 1113 Qid
793 1051 873 1097 fit?
898 1054 991 1097 Cur
1018 1050 1209 1096 Polono-

216 1133 323 1163 rum
337 1119 466 1164 status
477 1133 526 1164 ac
536 1117 720 1180 proinde
732 1117 900 1163 libertas
913 1117 1024 1162 inter
1036 1132 1096 1169 ea,
1113 1115 1210 1178 qui-

220 1182 304 1229 bus
329 1198 553 1229 novorum
574 1182 864 1229 Ponticorum
878 1182 1024 1228 acerba
1034 1181 1211 1227 succen-

221 1247 287 1294 :set
302 1249 478 1295 censura
493 1284 504 1302 ‚
532 1266 623 1309 non
645 1260 793 1301 ruant,
818 1248 890 1294 sed
911 1248 1055 1310 potius
1078 1246 1212 1293 subfi-

219 1313 330 1358 stant
357 1317 400 1360 &
415 1314 662 1360 firmentur.
704 1315 887 1360 Necesse
909 1311 1009 1359 ide&
1031 1314 1108 1365 fit,
1135 1327 1210 1358 oc-

219 1378 386 1423 cultam
419 1379 582 1424 subeffe
604 1379 774 1424 causam
801 1395 937 1440 quam
957 1379 1088 1440 aliqui
1122 1393 1211 1422 non
1263 1402 1284 1416 κ

218 1443 494 1505 assequantur
508 1477 520 1496 ,
545 1443 617 1489 sed
628 1460 709 1505 pro
721 1443 899 1506 ingenio
914 1442 992 1489 suo
1005 1459 1101 1488 rem
1115 1458 1207 1487 me—

218 1516 396 1555 hantur.

394 1625 1034 1684 VIDELICET.

313 1752 364 1791 1.
409 1728 576 1788 Circa
593 1726 829 1788 consilia.

308 1834 366 1871 2.
413 1812 581 1870 Circa
613 1811 877 1869 ordinum
907 1808 1110 1890 aliquas
1151 1805 1215 1866 fi·
1291 1842 1294 1853 ·

433 1894 707 1954 multateS.
864 1911 867 1915 '

304 1994 363 2056 3.
408 1978 574 2036 Circa
590 1976 877 2055 publicum
912 1973 1216 2056 peculium'

301 2076 363 2134 4
409 2057 575 2117 Circa
588 2058 884 2137 justitiam
870 2080 930 2116 m
947 2079 1087 2117 reos,

304 2157 421 2226 55
406 2139 573 2203 Circa
587 2139 873 2207 fortalitia

1004 2221 1063 2283 6.
1084 2218 1212 2281 Cir-
