1320 2490
213 110 454 156 semp-r.
493 109 898 155 FRAGMENTA.
967 113 1061 169 167

134 194 345 257 Capiturn
355 191 574 239 seditionis
588 192 741 238 habeas
755 190 922 237 obfides
933 225 948 245 ,
960 190 1057 239 utfi

69 275 145 320 per
166 259 354 322 speciem
367 257 547 305 honoris
571 257 686 304 filios
709 257 778 304 vel
791 256 897 304 filias
919 258 974 305 ad
998 257 1059 305 lae

68 336 138 371 tus
149 339 279 371 tuum
293 341 445 386 caplas.
1003 347 1006 349 >

135 392 321 436 Interim
345 389 596 436 valentiores
627 388 674 434 in
708 388 877 451 populo
897 385 1061 436 secret&

69 455 121 501 ad
132 469 173 501 te
183 471 290 501 voca
302 490 315 509 ,
329 455 579 502 humaniter
590 453 700 500 habe
712 488 725 507 ,
752 458 796 500 ὃς
809 455 928 516 quasi
941 454 1060 501 aliud

73 536 153 583 age
171 556 182 574 ,
194 521 425 566 dei1].velut
435 519 608 582 ignarus
618 535 715 564 rem
726 520 953 580 perquire,
987 530 1063 566 aut

67 585 244 633 modice
258 585 553 648 reprehende,
577 596 651 631 aut
674 596 718 630 te
729 585 878 630 eadem
901 584 1060 630 sentire

70 650 226 698 {imula
253 656 355 714 (pro
367 650 657 711 c'omparanda
668 650 745 696 tibi
757 650 808 695 ad
818 650 1060 696 dissuadem-

71 717 184 763 dum
209 718 344 782 gratia
365 721 410 764 &
423 717 476 762 ad
497 714 814 778 expiscandum-
832 714 1062 762 confiden-

69 783 155 840 tia)
182 781 321 829 modo
335 783 415 830 alia
425 782 508 828 vici.

135 848 238 895 Imo
275 849 477 910 Princeps
509 847 843 894 communicato
875 844 1065 893 confilio

70 930 175 960 cum
202 915 350 977 aliquo
374 912 627 959 fideliorum
643 947 655 966 ,
694 930 798 959 eum
823 912 982 972 injuria
1012 913 1065 958 in

68 979 256 1042 speciem
268 980 410 1043 palam
420 979 579 1025 afficiat
588 1012 601 1032 ‚
627 977 873 1024 transeundi
884 978 938 1024 ad
950 977 1062 1023 sedi·

69 1046 202 1092 tiosos
229 1057 495 1109 praetextum
517 1044 675 1090 exinde
696 1043 925 1097 habituro,
959 1042 1062 1090 sub-

70 1112 199 1158 miffa
218 1111 397 1158 interim
418 1110 604 1173 pecunia
623 1107 797 1156 occulte
810 1126 915 1156 eum
932 1109 1062 1171 juva-

67 1189 208 1231 turus,
222 1181 268 1224 &
291 1176 561 1239 suppeditato
584 1176 631 1221 in
657 1174 915 1237 corruptelas
939 1174 1061 1221 sum-

43 1263 46 1281 1
69 1255 150 1307 ptu
164 1277 177 1297 ,
203 1260 295 1307 quo
308 1242 589 1289 commodius
614 1241 688 1286 ille
702 1240 746 1286 se
754 1256 834 1301 pro
848 1240 986 1301 capite
995 1240 1063 1285 fie-

45 1338 47 1341 .
69 1309 245 1357 ditionis
266 1309 472 1355 obtrudat
493 1304 891 1358 tumultuantibus,
927 1320 982 1350 ex
995 1321 1063 1351 ar-

45 1416 47 1419 ,
68 1387 285 1439 gumento
297 1373 478 1419 recentis
500 1373 548 1417 in
560 1371 809 1432 Principem
820 1369 994 1416 offensae
1012 1370 1063 1415 in

64 1440 253 1502 speciem
276 1438 522 1491 audaculus,
538 1437 653 1483 clam
668 1433 772 1481 vero
797 1435 983 1482 fideliter
1007 1450 1067 1483 ex

70 1517 221 1553 mente
255 1504 320 1550 sui
362 1504 470 1550 Heri
516 1513 666 1549 totum
714 1513 1024 1564 procuraturus
1054 1518 1065 1546 :

68 1571 205 1618 tutius
227 1570 381 1633 utique
403 1569 616 1631 Principi,
645 1568 678 1613 fi
701 1567 854 1629 aliquis
876 1566 1067 1612 nobilio⁴

68 1652 200 1689 rum,
224 1635 414 1688 ratione,
451 1634 600 1690 suasU,
635 1636 681 1680 δε
702 1634 863 1678 decoro
899 1630 1068 1677 virtutis

70 1700 293 1748 ducendus
308 1734 320 1753 ‚
340 1697 479 1762 quem
488 1710 538 1744 ut
550 1697 574 1745 ὲ
589 1698 698 1744 faece
707 1697 829 1761 vulgi
843 1696 978 1742 heluo
992 1707 1069 1743 aut

46 1763 47 1766 ¹
70 1767 219 1813 rabula
233 1800 246 1819 ,
269 1781 350 1827 pro
363 1764 500 1826 capite
518 1763 736 1810 seditionis
749 1764 953 1809 statuatur
965 1796 978 1815 ,
995 1778 1064 1807 re·

0 1870 2 1877 ,
72 1833 136 1878 &i
151 1867 163 1885 ,
180 1831 347 1878 honesti
362 1865 374 1884 ,
387 1830 707 1882 humanorum,
722 1827 1066 1889 divinorumque

71 1898 231 1962 pariter
263 1897 532 1949 immemor,
567 1891 780 1958 flagitiose
814 1897 858 1940 &
880 1890 1070 1939 insolenss

0 1999 14 2009 ,.
48 2009 49 2016 ,
73 1975 140 2010 ter
151 1975 301 2010 totum
312 1963 485 2008 asturus
499 1995 512 2014 ,
536 1961 605 2007 cui
626 1962 673 2007 in
693 1976 797 2022 pace
807 1960 971 2006 durum
984 1957 1071 2004 ser·

0 2068 3 2075 .
74 2027 441 2081 vitium,turbatis
452 2028 578 2074 rebus
590 2025 669 2074 sub
692 2025 875 2073 nomine
886 2024 1074 2070 licentiae

0 2148 2 2153 ,
78 2094 167 2141 sola
187 2093 356 2140 libertas
380 2093 587 2147 habetur,
610 2089 707 2142 imo
730 2092 801 2139 cui
823 2090 972 2138 sterilis
985 2104 1074 2153 pax

47 2186 51 2231 ,
82 2163 127 2208 &
150 2159 295 2224 quies,
320 2171 470 2207 motus
505 2162 551 2208 &
573 2158 764 2221 pericula
781 2157 906 2205 lucro
940 2155 1072 2268 sung,

48 2246 49 2249 ¹
571 2227 616 2272 H
655 2240 677 2288 3
957 2237 1024 2279 un
1052 2235 1079 2267 e
