1320 2490
231 109 464 153 Senum.
501 105 907 156 FRAGMENTA.
981 125 1074 171 219

14 246 16 248 V
89 192 262 253 gentius
276 204 427 238 contra
449 191 657 253 imperata
668 193 805 238 Ducis
819 209 874 239 ex
894 191 1079 239 obtentu

92 257 346 304 laffitudinis
382 274 532 321 agere,
566 257 636 302 alii
659 258 864 304 incubare
894 258 1084 311 somno,

93 322 165 368 alii
176 323 434 380 tumultuari
448 357 461 375 ‚
473 323 630 385 reliqui
644 324 911 386 carraginem
933 336 1087 369 contra

96 388 397 450 praescriptum
420 389 623 434 ordinem
661 389 812 451 (quod
845 388 1087 450 praesertim

97 469 175 515 per
187 454 484 500 insolentiores
496 453 614 516 lyxas
630 453 828 510 fadi-um)
855 453 1088 500 distrahere

96 520 336 581 ceptabant.
373 523 496 566 Tum
520 520 719 582 primum
739 535 816 581 per
845 518 1088 580 speculato-

97 601 164 631 res
177 587 232 632 de
241 586 439 633 tumultu
452 585 598 630 edosti
610 587 767 630 Turcae
779 618 791 638 ‚
807 584 959 630 nostris
971 584 1087 630 inter

94 649 138 696 se
150 651 311 697 mutuo
334 650 667 697 collustantibus
690 650 1002 713 supervenere,
1023 661 1089 697 at-

98 732 186 778 que
209 717 452 763 distrastam
486 716 764 779 pervadentes
787 716 1056 779 caringinem
1070 750 1086 770 ,

45 792 47 794 ’
95 800 187 829 non
200 783 344 828 vicere
353 782 614 844 paucitatem
626 815 640 834 ‚
656 781 730 827 sed
740 779 866 844 plane
881 781 1088 828 multitu-

97 849 199 894 dine
232 849 490 911 oppressere.
530 848 680 908 Major
703 864 798 909 pars
832 849 1086 894 nostrorum

97 912 383 960 tumultuarie
404 914 641 976 pugnando
655 913 780 967 63613,
804 914 988 976 plurimi
1013 930 1084 960 ca-

95 980 186 1042 pti,
212 978 414 1025 nonnulli
442 979 580 1040 (unde
595 948 852 1052 pervigilem
876 979 1090 1026 lassitudi-

97 1062 200 1091 nem
216 1044 366 1090 observ
368 1043 421 1107 a)
447 1042 666 1107 profunde
683 1045 998 1091 indormientes
1010 1046 1087 1091 de-

91 1111 407 1174 prehen11,ut
428 1111 518 1156 fine
551 1109 673 1156 sensu
697 1111 976 1172 captivitatis,
1010 1111 1088 1158 vix

96 1178 192 1250 post
228 1176 394 1255 aliquot
429 1175 556 1222 horas
590 1176 634 1221 in
656 1176 856 1223 manibus
888 1177 1087 1223 hostium

98 1248 174 1306 (D
129 1240 373 1305 io-nanqub
396 1242 600 1305 gentium
625 1242 922 1304 versarentur)
948 1243 1084 1306 evigi-

95 1309 244 1354 larent.
272 1311 377 1354 Dux
392 1307 478 1369 ipse
495 1309 761 1356 Zuikieskiuff
773 1308 937 1354 ssiucius
950 1325 1084 1370 equo,

100 1374 290 1420 instantis
330 1373 414 1419 fati
446 1372 680 1435 providus,
728 1372 963 1420 Catholico
996 1373 1086 1419 ritu

94 1441 208 1502 (pius
222 1440 286 1485 uti
299 1451 387 1485 erat
399 1439 483 1496 vir)
498 1438 549 1484 ad
562 1439 790 1499 expiandas
804 1441 1086 1485 Sacramento

98 1505 395 1552 Confeffionis
409 1521 569 1557 noxas,
593 1503 799 1550 ficerdoti
810 1505 887 1568 qui
910 1505 1086 1551 adlatus

96 1573 133 1632 ej
142 1588 188 1616 us
201 1582 288 1616 erat
299 1569 547 1632 opportune
561 1603 574 1622 ,
601 1570 784 1632 carptim
810 1570 1086 1633 adgenicula-

97 1638 158 1682 vit
172 1671 193 1689 5
207 1636 307 1682 dein
328 1636 569 1682 accurrenti
592 1636 788 1697 quodam
808 1636 987 1681 tribuno
1000 1669 1016 1688 ‚
1039 1637 1088 1681 δί

93 1718 265 1765 equum
288 1702 366 1747 fibi
391 1701 442 1746 ad
465 1700 682 1763 effugium
704 1700 942 1765 porrigenti
957 1734 970 1753 ‚
992 1701 1088 1747 ieta

92 1768 224 1834 gladii
239 1783 407 1830 equum
418 1765 607 1829 abigens.
643 1768 864 1828 Inglorium
898 1766 1086 1828 (inquit)

97 1846 285 1899 pereunte
300 1836 502 1886 exercitu,
522 1847 727 1877 armorum
757 1837 914 1878 Ducem
923 1829 1090 1893 fugere·
1073 1863 1090 1885 ,

44 1898 47 1900 ’
97 1917 210 1948 mox
232 1900 344 1945 inter
369 1897 590 1944 confertos
615 1896 757 1943 hostes
781 1897 928 1943 stristo
938 1897 1088 1961 gladio

98 1981 385 2028 procurrens,
411 1965 606 2041 ignotus
613 1961 810 2025 quisnam
837 1963 1086 2009 6116106611-

96 2032 205 2078 buit.
242 2031 313 2076 Sic
325 2047 409 2093 ego
421 2045 553 2092 irerex
556 2027 611 2075 116
628 2029 689 2075 uti
701 2029 947 2076 vincentem
977 2030 1090 2085 Zui-

44 2113 47 2117 ’
95 2099 319 2161 Ιςίεςξίιιγη,
344 2096 475 2141 etiam
467 2066 726 2141 ²³cadentem
749 2094 953 2142 recensui.
992 2098 1088 2140 Cu-

92 2164 168 2226 jus
211 2162 335 2211 enim
367 2175 441 2212 aut
473 2161 780 2224 Imperatoris,
827 2171 903 2211 aut
935 2160 1089 2207 militis

562 2228 609 2292 K
646 2243 679 2292 5
921 2226 1082 2274 trium-
