1320 2490
235 136 474 182 Scmr'r.
513 134 911 182 FRAGMENTA.
985 150 1079 200 325·

80 232 204 288 aget,
230 225 428 287 adeoque
439 224 493 272 fit
503 225 727 280 constans,
734 236 791 272 ut
800 240 882 288 pro
893 240 1073 275 concre-

0 316 1 320 =
81 291 180 337 ditis
193 290 297 344 fibi,
323 289 460 338 vitam
471 291 624 339 audeat
633 307 810 354 ponere.

0 387 2 390 -
147 359 316 404 Contra
349 374 533 404 munera
564 357 618 404 fit
650 356 740 420 ipse
770 356 986 411 invistus,
1023 348 1072 405 gt

0 452 3 458 ·
76 422 170 477 sui,
195 421 387 488 ide6que
417 424 690 506 cavendum,
723 440 782 471 ne
813 422 1074 471 munuscula

0 478 4 523 ³-
79 490 303 551 accipiant.

143 559 329 618 Leg-axus
341 567 623 619 acceptorum
647 570 889 602 munerum
901 553 1068 602 Princi-

0 628 5 658 ἰ
74 636 180 682 pem
190 621 322 668 suum
334 623 570 669 certiorem
581 622 709 669 faciet
720 654 734 675 ‚
756 621 810 668 ad
822 621 1069 668 evitandam

0 712 5 730 ι
73 685 322 748 suspicionis
343 699 512 735 notam.

141 755 250 799 Non
263 753 454 816 Principi
478 753 558 800 suo
570 787 584 808 ,
609 769 701 799 non
721 752 860 799 alieno
880 750 1066 814 sponde-

72 816 160 871 bit,
198 819 320 882 quod
343 820 503 882 exequi
525 819 579 865 fit
599 819 646 865 in
667 818 838 873 dubio,
864 818 1010 883 potius
1020 818 1068 864 in

0 894 4 923 :
42 892 45 894 ·
73 885 280 931 omnibus
292 884 513 946 promiffis
525 901 678 946 parcus
690 884 756 931 fit.

139 949 268 996 Nihil
279 949 430 996 leviter
440 950 743 1024 aggrediatur,
767 949 967 998 discutiat
974 948 1063 997 fin-

70 1014 204 1078 gula,
238 1015 398 1078 cuique
420 1015 482 1062 rei
505 1015 752 1062 maximam
787 1015 1067 1081 diligentiam

0 1092 3 1122 1
70 1080 356 1128 adhibiturus.

0 1176 3 1193 .
138 1149 249 1193 Non
259 1147 392 1194 nimis
405 1144 540 1193 calide
556 1149 602 1194 &
626 1162 734 1193 cum
755 1146 945 1201 affestu,
982 1163 1063 1194 ne·

0 1228 3 1254 r
68 1227 157 1274 que
169 1213 300 1259 nimis
312 1210 456 1276 tepide
479 1229 546 1259 res
570 1214 750 1267 metet,
774 1229 831 1259 ne
842 1212 1067 1277 intelliga-

66 1289 138 1324 tur
151 1279 274 1341 quod
287 1280 432 1340 cupit,
459 1279 581 1342 quod
593 1293 706 1324 non.
698 1281 714 1311 Ρ

37 1403 39 1405 ¹
132 1343 236 1390 Im&
261 1345 595 1390 monstrandum
616 1344 676 1389 est
695 1354 741 1389 te
753 1358 914 1417 cupere
932 1312 1057 1424 quod

66 1426 159 1455 non
173 1409 320 1472 cupis,
334 1414 378 1457 &
392 1426 483 1455 non
494 1410 786 1472 cuperequod
798 1409 951 1472 cupis,
962 1407 1056 1475 qu&
1100 1468 1106 1473 ι

63 1475 187 1521 citius
200 1475 426 1538 assequaris
440 1473 639 1528 causam,
675 1474 907 1522 eludendo.

131 1542 323 1586 Gratum
337 1540 406 1586 hae
418 1541 596 1587 virtutes
607 1541 804 1605 legatum
815 1541 948 1587 etiam
960 1539 1063 1586 bar-

61 1604 174 1651 baris
185 1606 390 1660 reddent,
412 1606 597 1653 inceffus
609 1606 860 1653 moderatus
873 1641 887 1660 ‚
911 1607 1055 1670 gestus

62 1670 271 1724 decorus,
297 1671 420 1718 frons
431 1671 557 1725 laeta,
576 1672 764 1718 ridentes
786 1672 905 1723 chfi
918 1705 932 1725 ,
955 1671 1056 1718 vul-

35 1783 39 1787 ,
61 1747 130 1782 tus
153 1736 205 1783 ad
226 1747 515 1799 temperatam
538 1736 800 1784 hilaritatem
834 1737 1061 1801 composi·

61 1813 157 1856 tus,
179 1802 319 1849 oratio
334 1815 504 1849 matura
518 1836 532 1855 ,
557 1805 603 1850 δε
627 1819 727 1867 quae
748 1802 898 1850 virum
920 1803 1055 1851 suum

35 1874 37 1877 ’
59 1868 280 1930 loquatur.
758 1896 763 1898 v

35 1983 37 1988 f
131 1937 217 1981 Pro
227 1933 369 1998 gentis
382 1932 468 1980 suae
491 1934 651 1998 gloria,
678 1935 876 1998 egregios
895 1934 1054 1984 secum

33 2053 36 2057 ¹
60 1999 203 2046 trahat
208 2001 389 2062 juvenes
403 2034 415 2054 ,
429 2011 532 2047 rarae
544 2000 727 2053 formae,
747 2001 988 2064 prudentiae
1002 2004 1050 2049 δε

60 2064 245 2119 roboris,
259 2070 304 2114 &
317 2083 414 2130 quae
424 2082 514 2114 rara
524 2065 637 2121 sunt,
648 2066 701 2114 ad
715 2080 884 2115 exteros
895 2066 1050 2115 secum

0 2177 2 2182 ,
60 2143 208 2195 portet
228 2132 404 2196 legatus.

34 2199 35 2202 ’
128 2198 340 2248 Brevitate
349 2198 563 2252 sermonis
572 2199 772 2265 gaudeat,
785 2215 890 2251 nam
900 2197 1047 2263 displic

590 2268 624 2315 Ε
661 2271 692 2318 6
977 2274 1049 2315 cet
