1320 2490
275 107 359 154 r28
399 106 672 151 ANDREAE
706 103 861 148 Max.
900 97 1158 152 F‘Rssnno·

264 194 417 245 deant,
430 206 659 237 armorum
672 189 821 253 copia,
854 189 1115 239 vi&11alium
1130 208 1263 240 corn-

262 257 518 310 moditates‚
543 256 668 320 regni
688 257 1044 320 propugnacula,
1077 257 1255 306 Nobili·
1290 315 1291 318 Ἰ

262 322 357 369 tatis
372 338 612 369 numerum
627 325 671 370 &
685 321 871 376 animos,
885 333 1139 387 togatorum
1152 341 1253 372 eru-
1279 329 1281 331 ’

259 388 476 435 ditionem
493 389 671 451 ‚peetus
684 422 698 442 ,
712 405 798 451 qua
809 388 994 452 quisque
1002 391 1116 452 apud
1128 391 1252 437 Prin-

260 455 406 518 cipem
419 454 550 501 suum
564 454 828 502 authoritate
838 454 924 510 fit,
946 471 1032 520 qua
1043 457 1158 521 apud
1170 473 1251 519 po-

254 520 413 585 pulum
427 521 667 582 pernoscat.

324 590 486 634 Caveat
497 603 553 632 ne
565 586 774 648 Principis
814 591 833 648 (
847 588 960 651 apud
983 603 1122 651 quem
1147 604 1249 635 mo-

256 665 376 700 ratur
389 653 556 716 legatus
573 652 590 707 )
627 652 760 698 etiam
773 667 915 715 aperta
926 654 1027 700 vitia
1040 655 1221 700 damnet
1234 687 1248 708 ‚

256 730 357 766 tum
370 735 539 771 mores,
565 716 662 763 imo
688 717 974 780 nequesuum
1000 720 1251 782 Principem
1304 727 1305 730 ’

255 786 308 831 ad
330 784 540 831 invidiam
564 796 819 830 exterorum
841 784 974 831 nimis
991 784 1180 832 ‘extollat
1203 789 1250 832 &
1303 833 1307 835 ,

254 850 351 898 laud
358 862 424 904 et,
439 850 511 896 sed
525 861 674 895 tamen
686 848 759 895 sua
781 866 872 896 non
886 851 1129 914 deprimat,
1150 848 1247 898 imo

251 914 448 963 modeste
463 915 616 961 omnia
625 916 678 962 ad
700 915 959 977 opinionem
981 917 1252 982 magnitudi-

247 982 316 1047 gis
330 980 554 1028 enarrabit.

318 1046 547 1094 Probitatis
570 1048 616 1094 &
651 1045 820 1109 pietatis
843 1046 1018 1110 publica
1053 1047 1210 1123 figna'
1197 1065 1246 1096 m

249 1113 395 1177 legato
418 1113 673 1166 laudantur,
699 1124 750 1159 ut
759 1113 957 1176 quotidie
968 1113 1086 1161 sacro
1109 1115 1243 1161 inter-

247 1179 328 1234 fit,
348 1176 523 1243 publice
554 1178 608 1225 ad
631 1179 854 1258 templum
877 1180 1084 1234 vehatur,
1117 1181 1246 1228 Elee-

248 1246 483 1308 mosynam
495 1242 670 1319 publice
684 1246 904 1311 porrigat,
918 1248 972 1294 ad
983 1246 1244 1309 opinionem

248 1327 339 1358 non
350 1311 503 1357 fucatae
516 1311 700 1357 virtutis.

311 1379 534 1440 Legatoru
537 1391 584 1422 m
608 1393 805 1430 uxores,
840 1377 1106 1425 maritorum
1129 1378 1240 1426 obti-

247 1454 356 1490 nent
367 1441 544 1488 locum
533 1458 580 1487 m
592 1442 834 1505 congressu.

310 1507 450 1554 Multi
462 1524 625 1554 errores
647 1506 897 1572 legatorum
910 1542 925 1562 ,
960 1506 1239 1556 simulatione

246 1571 394 1621 morbi
417 1573 529 1619 dilui
544 1574 735 1636 poffunt.

311 1641 423 1686 Non
436 1638 603 1686 1ixosus
615 1639 670 1686 fit
681 1638 847 1703 legatus
860 1655 938 1701 per
958 1637 1236 1688 sobrietatem

247 1705 291 1765 (“
279 1703 375 1751 imo
411 1705 487 1751 etsi
510 1705 776 1768 quandoque
798 1704 1035 1752 vinolentia
1055 1707 1236 1753 accesse-

243 1770 300 1817 rit
315 1771 332 1828 )
373 1770 463 1834 ipse
474 1775 517 1819 ἓξ
530 1771 621 1826 sui,
642 1769 739 1817 imo
752 1771 939 1821 declinet
962 1773 1205 1820 occasiones
1218 1807 1241 1827 ,⁷

243 1837 360 1883 unde
391 1837 496 1884 rixae
523 1839 631 1886 oriri
652 1837 842 1900 poffint,
880 1841 926 1886 δε
948 1837 1120 1886 mature
1145 1836 1228 1886 se
1209 1856 1234 1886 a

240 1901 347 1950 laetis
362 1904 660 1967 congressibus
683 1903 917 1951 subtrahat

305 1969 532 2016 Modestus
557 1970 640 2024 fit',
673 1970 834 2018 nullius
858 1969 1010 2017 animo
1033 1969 1233 2017 studiisve

237 2031 416 2081 faffiose
453 2046 525 2080 aut
559 2034 761 2084 cavillose
796 2037 1074 2092 relu6tetur,
1108 2036 1233 2101 quafi.

235 2099 396 2147 melior
419 2112 493 2147 aut
512 2100 756 2165 sapientior.

300 2166 455 2240 Fugiat
477 2183 635 2219 eorum
660 2181 1005 2237 purpuratorum
1026 2167 1237 2305 consgres

1120 2249 1199 2284 um
1213 2268 1237 2291 ,
