1320 2490
224 141 282 186 16
349 140 626 184 ANDREAE
659 138 819 182 MAx.
857 138 1110 184 Fnssnxe

211 227 372 277 'Primo
388 228 719 275 cunctationem
733 228 862 277 dandi
874 230 1040 283 induat,
1055 230 1213 276 deinde

220 297 321 342 dare
332 293 580 347 dissuescat,
607 297 651 341 ὃ(
676 295 865 341 vendere
888 312 1025 359 quam
1050 296 1211 341 donare

220 360 384 413 malit,
432 375 488 405 ex
512 359 713 423 Principe
740 358 881 408 fastus
918 361 1213 416 nundinator;

218 426 334 488 Qis
370 423 475 471 vero
499 442 580 486 pro
604 425 682 471 illo
706 425 908 489 Principe
944 426 1141 474 laborem
1164 429 1211 474 δί

214 490 467 564 periculum
478 490 624 537 sumat
633 525 648 545 ,
673 492 788 554 apud
800 508 937 555 quem
949 508 1108 538 aurum
1121 509 1214 539 non

220 557 358 604 virtus
371 557 416 603 in
430 557 707 603 occasionem
719 558 890 620 praemii
881 558 1029 604 cedit.
1045 560 1216 605 Teneat

216 624 410 670 modum
434 638 512 685 per
546 622 698 669 omnia
734 623 938 686 Princeps
972 623 1215 686 praesertim

216 689 620 751 circaMaiestatem
640 691 685 735 ὃς
703 688 1045 753 Justitiam,quae
1068 689 1212 736 maxi-

218 752 295 800 me
321 754 366 800 in
392 744 563 801 lubrico
585 754 712 808 sunt,
727 770 784 801 ne
805 766 879 802 aut
889 753 1126 819 iuperbus,
1142 765 1217 801 aut

216 820 408 867 crudelis
421 820 577 866 audiat.

286 903 332 947 9.
371 885 583 949 Principis
595 885 690 932 aula
702 885 755 932 fit
765 902 843 949 per
854 885 1006 933 omnia
1019 885 1213 941 honesta,

221 966 407 998 morum
433 952 660 999 &virtutis
685 952 859 1017 publica
870 952 1057 1007 Schola
1092 963 1216 998 curet

221 1017 444 1078 Princeps,
458 1028 514 1062 ut
527 1014 552 1063 ὲ
567 1029 663 1063 toto
674 1033 813 1081 regno
826 1029 973 1064 ternos
989 1015 1212 1064 denosve
1190 1033 1216 1064 e

221 1082 404 1146 singulis
416 1082 682 1137 Provinciis,
708 1083 950 1146 piaecipuos
974 1083 1154 1129 indole
1139 1100 1213 1144 Ju-

218 1164 378 1201 venes,
404 1149 449 1193 in
461 1147 607 1194 aulam
631 1148 839 1202 accersat,
868 1161 942 1195 aut
964 1148 1119 1211 sponte
1144 1149 1218 1194 det

221 1213 311 1276 ipse
333 1213 534 1259 veniendi
559 1214 860 1268 occasionem,
887 1215 962 1277 qui
985 1226 1140 1277 praeter
1164 1214 1215 1260 il-

222 1231 301 1327 ltpid
323 1279 445 1341 quod
465 1278 575 1326 latus
601 1280 811 1343 Principis
835 1279 1015 1327 honesta
1038 1280 1217 1344 cingent

214 1346 387 1392 -corona
420 1360 529 1390 cum
563 1345 851 1400 authoritate,
888 1363 1047 1392 verum
1083 1345 1216 1392 etiam

221 1422 394 1457 certum
418 1409 640 1457 obfidium
667 1410 768 1457 fidei
792 1414 837 1458 ὃς
860 1412 1022 1459 amoris
1047 1410 1210 1464 futuri,

221 1487 481 1540 parentum,
518 1477 798 1529 amicorum,
834 1478 1216 1540 praecipuorumve

221 1541 496 1594 incolarum,
512 1558 710 1607 quorum
723 1542 785 1588 1111
796 1542 968 1606 sanguis
979 1542 1109 1595 sunt,
1139 1557 1213 1587 ve-

216 1606 328 1655 rum
353 1607 400 1652 hi
414 1623 504 1653 non
527 1608 673 1655 iolum
684 1625 762 1670 per
774 1608 953 1654 honesta
963 1608 1070 1654 aulae
1083 1607 1214 1653 servi-

152 1699 160 1709 —·
219 1675 304 1727 tia,
341 1673 413 1718 sed
438 1672 570 1719 etiam
595 1674 798 1720 exercitia
819 1673 1129 1727 adhibeantur,
1166 1683 1217 1719 ut

220 1740 333 1786 statis
356 1739 506 1785 diebus
518 1739 598 1785 sub
609 1740 747 1786 oculis
781 1739 928 1786 Palatii
950 1738 1128 1802 publico
1140 1754 1213 1784 ve-

221 1805 289 1851 lut
301 1806 345 1850 in
357 1804 530 1851 theatro
546 1839 558 1858 ,
572 1821 674 1851 arcu
689 1840 701 1858 ,
715 1804 867 1868 sclopo
881 1840 892 1858 ,
909 1806 1040 1857 hasta,
1054 1805 1106 1851 ad
1119 1820 1213 1850 me-

217 1883 312 1917 tam
336 1871 381 1917 in
395 1870 517 1933 equis
541 1872 796 1925 decurrant,
822 1871 1025 1917 adhibitis
1048 1871 1094 1917 in
1118 1886 1216 1916 eam

219 1953 315 1983 rem
329 1937 604 1999 peritioribus
618 1971 631 1989 ‚
646 1938 723 2000 qui
736 1937 813 1983 fibi
824 1937 1035 1984 exercitio
1048 1971 1060 1989 ,
1089 1947 1214 1981 caete-

217 2002 278 2048 ⁴ris
292 2002 502 2064 exemplo
523 2002 608 2048 fint
630 2003 762 2056 boni,
787 2004 1100 2066 imperitorum
1114 2017 1213 2048 cor-

218 2068 409 2114 rec'Jcores
424 2102 436 2121 ‚
465 2068 769 2114 &incitatores
782 2068 991 2114 alacrium
1005 2103 1018 2121 ,
1044 2067 1145 2113 inde
1157 2083 1212 2112 ae-

219 2134 406 2180 mulatio
429 2133 475 2180 in
487 2134 698 2180 virtutem
712 2168 724 2186 ,
751 2136 796 2181 ὃς
819 2134 1214 2179 incitamentorum

220 2201 474 2251 maximum
489 2233 504 2255 ,
540 2197 564 2249 ὲ
587 2199 788 2264 Principe
812 2200 948 2247 videri
986 2203 1032 2248 ὃ(
1054 2198 1209 2262 aspici,

1110 2279 1210 2327 jam

1312 2222 1320 2358 ⁴

1302 2363 1320 2490 1
