1320 2490
188 118 243 148 ιο
313 101 593 146 ANDREAE.
626 98 786 145 MAx.
824 99 1075 146 FREDRo

174 201 281 232 nem
296 184 502 245 Principis
517 218 530 236 ‚
544 194 644 230 tum
659 185 824 230 consilii
840 205 852 237 5
881 185 950 231 Illi
965 182 1068 230 vero
1082 183 1168 230 fint

175 251 357 297 exoticae
369 249 568 296 Historiae
591 249 741 312 gnari,
779 250 1026 296 maturioris
1045 250 1167 310 judi-

174 317 231 363 cii
249 352 261 371 ,
273 329 374 362 tum
387 315 567 379 ingenui
579 315 708 360 Cives
747 318 765 375 (
779 331 870 360 non
884 315 1064 361 illi-abfit
1075 317 1163 361 Ve-

173 382 376 444 spillones
401 379 528 425 bonae
553 379 757 426 libertatis
783 383 827 426 ἃ
864 373 1167 442 Reipublicae,

175 447 228 492 ab
242 458 423 492 externo
437 444 580 509 ignei,
595 445 735 498 avari,
758 444 1130 508 suspenftiadvenae
1146 448 1164 502 )

176 512 334 574 quibus
359 511 565 574 finguli8‚
591 522 666 556 aut
687 510 884 573 pluribus
909 511 954 557 in
978 511 1166 575 fingulas

172 590 312 641 partes
338 576 610 639 Reipublicae
634 578 679 622 ὃς
715 576 910 623 confines
945 578 1169 630 nationes,

174 659 326 689 rerum
340 653 569 688 momenta
591 641 859 703 providenda
882 643 1166 688 committan-

173 721 263 762 tur,
278 709 309 754 si
323 709 412 755 aliis
425 708 746 753 demandentur
756 723 822 753 res
836 707 1177 767 septentrionales,

176 775 378 825 videlicet
390 777 641 819 Suecorum-
655 772 982 826 ‚Moschorum
996 807 1009 828 ,
1035 773 1170 819 Dani·

178 856 240 886 cae
252 840 362 886 item
376 875 389 894 ,
403 839 625 885 Livonicae
638 873 651 891 ‚
677 839 973 885 Pomeranicae
986 837 1172 893 ‚Duca-

175 906 228 952 lis
253 906 464 958 Pruffiae,.
484 908 529 951 δε
552 902 955 967 Hanfiaticifoederis.
991 905 1080 951 Alii
1105 906 1176 965 ins

177 971 286 1018 tenti
309 971 395 1017 sint
416 971 543 1017 rebus
567 968 841 1017 Orientalium
855 1005 871 1024 ,
894 973 1145 1018 Turcarurn
1159 1006 1172 1024 ,

179 1036 464 1100 Scytharum,
480 1034 784 1081 Valachorum
798 1070 814 1088 ,
828 1035 1145 1082 Moldavorum
1159 1069 1177 1090 7

177 1102 626 1164 Tranffylvanorum,
663 1117 713 1146 ac
734 1100 880 1147 versus
905 1102 1175 1156 Meridiem,

180 1172 515 1232 Hungarorum.
533 1166 715 1229 Reliqui
727 1165 956 1213 observent
967 1184 1175 1214 momen,-

181 1230 421 1282 tareruma
450 1234 748 1280 Germanorum
762 1236 903 1294 popum
928 1233 1145 1279 Bohemia
1158 1267 1170 1287 ‚

183 1300 293 1346 item
318 1298 471 1362 Belgio
487 1332 499 1351 ,
527 1298 714 1361 Anglia,
742 1299 909 1353 Gallia,
946 1298 1180 1361 Hispania,

182 1367 372 1412 demum
386 1365 438 1410 ab
450 1364 571 1410 Italia
584 1398 596 1417 ,
612 1381 709 1427 quae
723 1367 885 1427 Papam
901 1399 914 1418 ,
940 1365 1176 1427 Respubli-

183 1447 251 1478 cas
263 1465 277 1485 ,
293 1433 452 1494 Regna
465 1463 478 1483 ,
492 1432 640 1476 Duces
654 1464 666 1482 ‚
694 1431 780 1492 maj
786 1447 881 1476 ores
894 1442 969 1476 aut
982 1431 1176 1477 minores

184 1496 408 1550 continet,
434 1498 478 1543 &
502 1492 526 1540 a
549 1495 627 1542 suo
650 1494 797 1542 littore
817 1496 1072 1559 proximam
1096 1495 1177 1541 fibi

184 1562 378 1608 Siciliam
412 1560 621 1625 prospicit
644 1596 656 1615 ‚
701 1571 804 1608 tum
839 1562 1033 1608 minores
1078 1562 1177 1608 alias

185 1627 350 1676 Insulas
365 1661 378 1680 ,
404 1639 455 1674 ut
478 1627 645 1674 horum
671 1628 880 1674 omnium
904 1627 1179 1691 populorum

186 1711 279 1741 non
324 1691 501 1739 tantum
545 1692 730 1756 genium
745 1728 758 1747 ,
807 1710 979 1747 mores,
1036 1693 1177 1739 confi.-

183 1759 265 1813 lia,
292 1758 652 1812 consuetudines,
678 1759 871 1813 foedera,
896 1775 944 1805 ac
957 1758 1086 1822 ipsius
1100 1761 1180 1805 sta-

182 1837 255 1872 tus
279 1837 508 1871 momenta
532 1826 768 1888 prudenter
790 1825 1020 1872 observent
1034 1859 1047 1878 ,
1077 1836 1179 1872 tum

183 1890 365 1953 insuper
391 1890 590 1952 ipsorum
626 1892 882 1953 Prlncipum
916 1892 963 1937 in
995 1890 1180 1954 praefiens

183 1957 392 2008 virtutes,
429 1956 557 2010 vitia,
592 1957 985 2021 consanguinitates
1020 1974 1179 2020 perno-

183 2022 305 2069 scant
317 2059 332 2078 ,
352 2020 425 2067 sed
439 2020 637 2068 maxime
652 2023 865 2085 cujusque
890 2023 963 2085 (ab
974 2023 1180 2086 antiquo)

186 2088 330 2151 gentis
353 2087 633 2134 vernaculam
668 2089 906 2135 Historiam
929 2088 1183 2143 revolvant,

179 2153 324 2204 situm
338 2165 544 2218 praeterea
555 2166 772 2206 terrarum
783 2154 1007 2206 advertant
1018 2191 1035 2216 ,
1057 2171 1184 2202 com-

1079 2237 1188 2270 mo·
