1320 2490
200 119 235 166 6
310 115 585 164 Annam
620 112 776 160 MAx.
813 112 1071 160 Fnssnno

199 198 395 246 fimul&
423 195 730 259 Vespillonem
753 196 932 243 accerse.
970 196 1199 244 Falluntur

155 298 163 303 -
202 262 403 327 ideo,qui
420 265 554 310 Italiae
569 275 806 326 conceptus
821 297 834 317 ‚
861 261 1122 326 Hispanorum
1133 279 1199 310 ar-

203 346 310 377 cana
324 364 336 384 ,
349 331 565 378 Gallorum
576 328 841 376 affivitatem
856 332 901 375 &
915 339 1041 384 artes,
1055 331 1132 375 Bel
1127 345 1205 392 ga·-

202 412 301 444 rum
311 394 586 451 industriam,
599 394 847 440 Venetorum
859 394 1011 440 scitam
1027 399 1045 456 (
1059 411 1141 458 pro
1154 412 1202 441 re

202 472 303 507 nata
326 461 345 519 )
380 472 658 523 temporum,
672 476 918 523 rerumque>
932 459 1115 506 librandi
1136 477 1205 507 ar-

203 537 316 581 tem,
331 543 417 573 una
430 527 477 572 in
490 525 674 573 polonia
685 525 817 572 fimul
830 537 1050 589 quaerunt,
1064 526 1204 590 ignari

203 608 300 641 non
323 593 508 639 eandem
532 592 665 638 ineffe
685 592 926 656 unicuique
946 591 1114 655 populo
1127 608 1201 638 na-

203 664 352 705 'turam
366 692 378 712 ,
405 661 450 705 δε
472 673 627 704 rerum
639 670 869 705 momenta
882 695 898 713 ,
921 669 971 704 ut
991 658 1113 721 quod
1125 658 1200 705 ali-

203 723 279 771 cui
291 725 412 788 genti
423 723 546 770 saluti
564 739 646 786 pro
673 734 850 777 natura,
883 723 1005 769 alteri
1026 739 1202 770 accom-

192 790 443 837 'modatum
459 801 610 836 contra
625 793 648 850 (⁷
657 800 707 835 ut
719 789 778 835 fic
789 790 934 837 dicam
949 790 966 847 )
982 801 1211 844 naturam,

207 855 347 902 exitio
361 856 414 902 fit
425 857 592 902 neceffe
603 889 626 909 ‚v
641 871 691 901 ac
703 866 752 901 ut
773 855 1018 902 secundum
1031 855 1206 903 climata

207 924 257 969 δε
269 921 464 968 nationes
476 921 556 967 alia
567 937 750 984 corpora
762 921 1007 968 hominum
1024 921 1203 968 rcmffio-

205 986 328 1033 ribus
350 987 456 1033 cibis
467 985 923 1032 accommodatiffim&
949 988 1207 1034 nutriuntur

207 1054 256 1099 &
269 1050 514 1105 subfistunt,
521 1051 798 1099 mollioribus
813 1068 904 1098 non
924 1053 1204 1100 debilitantur

207 1114 351 1164 modo
375 1116 535 1163 verum
548 1117 761 1163 deficiunt
775 1153 787 1171 ‚
812 1117 871 1163 fic
884 1118 1205 1181 Rerumpubli-

208 1198 362 1228 carum
375 1183 466 1228 aliae
479 1217 493 1236 ‚
518 1182 822 1230 subtilitatibus
836 1200 1059 1232 novorum
1086 1185 1204 1231 Poli-

207 1247 404 1294 ticorum
429 1248 665 1295 firmantur
693 1283 706 1301 ‚
742 1249 835 1295 aliae
858 1262 1209 1314 corrumpuntur

209 1317 257 1361 &
281 1326 431 1360 ruunt.
457 1315 633 1370 Tenu'r,
667 1314 859 1376 spefitavi
883 1318 928 1363 &
956 1315 1126 1362 laudavi
1149 1316 1204 1362 fi-

206 1379 307 1425 mul
321 1379 561 1426 minutiora
573 1379 805 1444 horologia
819 1415 832 1433 ‚
857 1379 1134 1429 subtiliffim&
1151 1382 1205 1429 ad

206 1445 569 1509 magnitudinem
601 1446 724 1492 nucis
759 1447 958 1492 castaneae
994 1447 1209 1494 elaborata

211 1513 232 1572 (
235 1526 445 1585 ‘quorum
462 1512 825 1591 composituram
823 1515 869 1558 &
893 1529 1003 1575 opus
1015 1513 1089 1558 vix
1102 1529 1202 1560 acu-

209 1576 314 1622 tiori
325 1577 458 1623 oculo
472 1577 695 1641 dignoscas
710 1578 728 1635 )
744 1594 880 1641 quam
892 1576 1079 1641 pulchro
1096 1595 1200 1625 con-

206 1641 336 1715 tiguo
359 1652 556 1690 rotarum
584 1644 790 1690 contatstu
812 1643 1061 1698 ducuntur,
1100 1644 1204 1691 &in

205 1708 450 1755 minutiora
485 1722 716 1756 momenta
738 1744 754 1763 ‚
787 1710 1043 1772 quadrantes
1078 1710 1201 1757 divin

204 1774 420 1836 temporis
433 1791 513 1821 nos
526 1787 845 1829 commonent,
859 1775 931 1821 sed
946 1777 1078 1823 etiam
1090 1776 1208 1839 saepe·

206 1839 416 1902 probavi,
432 1839 573 1887 modo
588 1842 768 1887 crassior
779 1843 897 1887 afflet
907 1854 1062 1889 ventus
1075 1877 1089 1896 ‚
1116 1842 1204 1889 hu·

206 1904 373 1951 midior
385 1906 611 1971 contingat
622 1924 747 1961 aura,
772 1907 1090 1955 minutissimus
1102 1908 1200 1971 pul-

206 1970 397 2018 visculus
432 1984 507 2018 aut
529 1973 730 2034 plumula
752 1973 830 2019 se
817 1986 1017 2038 mgerat,
1052 1992 1107 2021 ne
1132 1975 1197 2020 di-

206 2049 306 2083 cam
319 2037 465 2084 adh-uc
477 2037 507 2083 fi
524 2038 667 2101 aliqua
678 2050 878 2085 rotarum
888 2052 962 2086 aut
967 2041 1197 2102 Jundtura

204 2117 311 2148 rum
333 2119 493 2166 parum
516 2103 738 2151 incurvata
761 2105 829 2151 vel
865 2105 1005 2152 frasta
1028 2106 1198 2154 fuerit?

207 2183 348 2233 quam
389 2167 629 2235 derepente}
658 2181 815 2221 totum
840 2171 1203 2236 pulcherrimum

1087 2255 1208 2304 opus
