1320 2490
77 1986 164 2026 No„
174 1993 234 2036 pu.
256 1973 358 2036 jam
372 1972 494 2032 quod
508 1987 647 2033 prope
659 1971 742 2022 est,
770 1970 866 2032 post
878 1979 1068 2030 acceptas
1081 1965 1206 2013 belli
1197 1981 1268 2034 11ιῇ

61 2052 178 2089 gnare

7 2115 13 2122 ·
69 2090 208 2128 vincere

70 2143 231 2192 aliquan-

69 2194 112 2232 da
126 2193 179 2244 est.

262 118 327 174 96
394 113 663 157 ANDREAE
697 111 850 155 MAx.
888 110 1147 154 Fussnno.

259 195 413 243 omnia
452 194 663 240 tenendus
687 197 704 238 ?
754 193 978 239 edocendo
1003 226 1015 245 ,
1073 191 1254 238 turbans

262 258 756 322 omniapericulofiora,
781 256 930 304 sivero
957 257 1032 303 fibi
1058 274 1136 319 per
1164 258 1250 302 vir-

259 337 404 374 tutem
419 326 616 371 constent
627 324 779 370 omnia
791 325 899 369 61Γ
850 341 875 370 6
887 341 932 370 m
946 323 1076 376 facili,
1091 323 1163 368 sed
1176 338 1262 369 cur·

262 391 555 438 metuendum
581 390 658 443 fit,
694 389 1012 443 dubitandum,
1047 388 1260 451 utrinque.

262 457 458 503 humana
482 457 566 502 effe
587 472 796 518 corpor,a
825 453 949 518 aeque
974 453 1256 500 vulnerumfi

263 522 419 569 fortius
430 522 686 584 infligantur
696 521 883 584 capacia,
912 521 1107 582 undique
1117 520 1256 565 adeffe

262 653 387 700 Esua
409 666 529 716 parte
552 653 717 715 aliquid
741 652 935 715 superius
958 651 1132 704 haberi,
1154 622 1263 696 belli
1304 664 1320 693 n

262 723 310 767 &
321 718 688 781 causaejustitiam,
702 720 945 791 Deumque
958 716 1150 777 partium
1163 715 1258 761 fau·
1301 713 1320 758 dl

261 795 436 839 torem,
451 785 516 830 vir
518 801 577 838 es,
590 783 878 830 exercitatum
891 781 1098 835 militem,
1112 781 1258 828 suam-

261 867 352 914 que
364 851 500 898 Ducis
512 849 810 914 vigilantiam,
834 846 975 895 modo
986 847 1065 911 ipfi
1078 847 1264 895 fortiora
1297 860 1320 892 ct

261 917 545 964 meditentur.
573 915 690 962 Dein
701 915 946 962 exercitum
958 914 1066 961 locis
1086 913 1264 961 tutiori-

260 981 344 1029 bus
353 983 534 1029 instrues
547 998 639 1029 non
651 991 952 1045 pugnaturus,
963 978 1124 1026 verum
1135 990 1186 1026 ut
1195 979 1262 1027 tui

259 1048 423 1095 novelli
445 1049 592 1095 videre
611 1048 783 1094 hostem
797 1081 811 1100 ‚
837 1046 1071 1110 agnoscere
1089 1045 1262 1108 pericu-

259 1114 385 1169 lum,
421 1114 645 1162 interdum
670 1130 727 1160 ex
737 1112 962 1160 occafione
980 1111 1142 1175 aliquid
1165 1111 1273 1158 feli--

259 1312 421 1360 liorem
431 1324 602 1377 partem
614 1285 810 1360 liostium
822 1311 1074 1376 aggredere,
1089 1326 1182 1375 quo
1196 1308 1264 1356 tui
1295 1326 1320 1357 re

259 1390 436 1452 tyrones
448 1380 653 1451 animum
667 1395 722 1426 ex
733 1377 913 1426 fortuna
928 1376 1129 1430 sumant,
1155 1375 1227 1424 &
1215 1391 1271 1425 m
1297 1393 1320 1440 p(

261 1511 493 1574 congressu
505 1508 753 1571 periculum
768 1507 1072 1570 experiantur,
1097 1506 1259 1552 demit-

261 1549 378 1622 tent&
370 1592 425 1621 ex
438 1576 618 1627 animo,
649 1589 878 1637 nunquam
894 1585 968 1619 aut
979 1570 1074 1618 sero
1090 1570 1259 1617 resum-

260 1640 393 1703 pturi.
409 1644 571 1689 Caveat
581 1638 682 1686 ideo
693 1639 881 1702 prudens
906 1641 1015 1685 Dux
1038 1637 1166 1692 belli,
1204 1652 1264 1683 ne

262 1719 438 1769 tyrones
462 1707 624 1752 milites
639 1705 894 1752 velitatum
884 1721 945 1750 ire
962 1704 1141 1767 jubeat,
1177 1701 1258 1748 nifi

260 1773 380 1819 unde
392 1784 505 1819 certa
523 1772 614 1835 spes
639 1771 774 1818 felicis
784 1770 993 1817 successus
1016 1770 1187 1825 veniat,
1207 1767 1263 1813 sit

260 1838 382 1885 secu1
384 1856 459 1892 us
481 1839 626 1901 potius
650 1855 677 1884 1
679 1837 858 1884 eteranis
869 1836 1084 1883 secundm
1089 1852 1163 1882 um
1179 1833 1268 1879 du-

261 1904 530 1968 biorumque
562 1904 708 1968 peritis
743 1904 790 1950 in
824 1919 922 1949 eam
955 1918 1052 1948 rem
1087 1901 1255 1947 usurus.

265 2038 405 2083 &curas
427 2040 470 2084 ὃ(
482 2037 653 2090 clades,
674 2052 723 2082 ac
748 2036 842 2097 post
853 2035 1020 2081 amissas
1030 2031 1231 2081 viotorias
1243 2065 1259 2085 ,

261 2112 433 2149 certum
447 2104 505 2148 est
515 2102 708 2148 residuos
724 2101 885 2148 milites
897 2113 972 2148 aut
982 2116 1121 2147 novos
1133 2113 1258 2144 exer-

262 2169 378 2221 citus„
399 2168 570 2219 minori
595 2184 748 2224 ammo
786 2172 997 2230 (propter
1031 2163 1256 2237 conscien-

1143 2242 1251 2277 tram
