1320 2490
208 83 454 130 Scine-r.
501 82 907 126 FRAGMENTA„
991 91 1058 139 79.

59 165 252 212 -luxun'ae
285 164 575 211 incitamentis
597 163 726 226 sequi
754 164 885 209 castra
903 161 1064 226 prohi-

6 230 9 236 '
69 232 279 284 beantur,
302 230 428 276 teitia
449 230 661 278 utilium'
646 241 961 292 jumentorum
981 229 1065 274 vix.

70 299 243 345 restaret
254 312 349 361 pars
361 331 374 350 ,
399 297 516 343 unde
527 297 675 343 minus
687 293 991 358 impedimenti
1005 309 1070 341 ex

73 362 291 417 curn'bus,
320 362 485 409 facilior
496 378 692 416 annona,
707 360 919 423 pabulum
934 364 1064 409 &ce-

73 429 245 482 leritaS,
266 428 417 475 omnia
429 429 652 491 expedita,
680 431 913 474 Romanus
938 426 1066 473 miles

74 495 153 542 sub
173 495 357 557 pellibus
380 494 638 557 hyemabat,
665 493 828 539 vestem
850 509 948 539 eam
971 505 1066 538 tan-

34 562 35 565 ’
74 573 173 607 tum
198 577 286 622 qua
266 560 519 625 tegebatur
527 559 747 622 portabat,
771 558 869 604 cibo
885 558 1069 604 castren—

77 625 109 671 fi
137 626 410 680 vescebatur,
436 642 543 672 cum
564 625 717 672 orbis
706 624 946 687 1mperium
969 622 1069 670 urbi

14 743 15 746 Ἰ
76 692 266 764 peperit,
302 708 394 738 non
413 693 553 755 gravis
588 690 755 737 colonis
777 689 1069 762 transeundo,

78 757 124 803 in
147 758 336 819 petendo
360 759 480 804 vistu
496 793 518 812 ,
537 756 715 803 modico
738 755 995 802 affuefaffis
1009 755 1070 801 ci-

78 822 138 868 bo
152 857 164 874 ,
179 823 329 868 nonin
341 824 563 886 exigendis
579 822 775 869 nummis
786 821 936 874 oneri,
960 819 1071 867 ciim

77 904 162 934 nec
173 888 288 934 veste
299 923 312 941 ‚
329 905 409 935 nec
421 889 567 942 armis,
582 889 632 934 ad
645 889 917 950 superfluum
929 886 1074 950 splen-

80 955 262 1008 dorem,
295 953 455 1000 veriim
482 956 535 1000 ad
557 954 693 1000 usum
710 965 926 1008 uteretur,
962 952 1074 1014 saepe

80 1017 188 1065 vero
214 1020 446 1082 depravato
470 1021 617 1068 nostro
640 1020 797 1066 saeculo
825 1022 870 1066 &
896 1017 1072 1065 militari

80 1085 301 1147 disciplina
313 1120 324 1137 ‚
350 1085 492 1150 fulget
515 1086 633 1132 vario
647 1086 771 1132 miles
784 1096 1044 1131 ornamento
1059 1116 1073 1137 ,

83 1151 154 1197 cui
168 1151 284 1197 nulla
296 1152 458 1198 domus
473 1186 484 1204 ,
501 1152 647 1199 nullus
661 1163 859 1214 paternus
874 1150 1043 1196 villicus
1056 1183 1073 1203 ,

14 1259 15 1263 ,
83 1215 195 1262 ciim
220 1215 324 1263 vero
355 1217 482 1263 luxui
504 1218 709 1279 stipendia
722 1232 812 1261 non
824 1215 1072 1269 sufficiunt,

83 1283 314 1344 rapiendo,
350 1283 636 1344 depraedando
671 1282 804 1334 sum,
842 1281 1076 1342 pecuniam

15 1399 17 1406 A
84 1349 296 1402 corradit,
321 1348 404 1394 illis
418 1366 508 1411 quos
532 1345 733 1409 defendere
748 1345 933 1400 debebat,
951 1363 1078 1426 magn

81 1416 189 1460 oneri
201 1412 328 1477 qmim
341 1411 439 1477 usui
455 1444 468 1467 ,
496 1430 586 1460 non
608 1424 906 1477 propugnator
919 1428 1079 1459 verum

84 1478 362 1541 depeculator
375 1479 553 1526 c1vium.
600 1480 765 1525 Omnis
779 1495 904 1557 ergo
897 1495 943 1524 m
958 1479 1076 1524 mili-
1099 1503 1232 1541 Exem-

84 1555 129 1591 te
138 1555 213 1590 aut
224 1543 383 1591 fortior
394 1545 556 1599 virtus,
572 1558 645 1592 aut
656 1542 904 1606 disciplina
888 1562 911 1589 a
924 1545 1075 1591 dexte·
1090 1558 1145 1605 plo
1151 1556 1188 1603 f
1190 1571 1232 1594 u-

86 1610 209 1656 ritate
217 1610 437 1673 prudentis
448 1613 585 1658 Ducis
599 1611 844 1685 ,frugalitas
855 1608 960 1655 vero
971 1626 1071 1672 pro·
1090 1609 1233 1656 gama-

87 1688 236 1722 manat
245 1675 385 1753 magis
395 1676 450 1722 ab
462 1677 705 1739 exemplo,
721 1693 857 1740 quam
871 1675 947 1721 ab
936 1692 1075 1738 impe·
1094 1670 1159 1747 §²³4
1167 1659 1274 1698 Du*

86 1738 272 1796 ri03s1
255 1759 279 1786 a
291 1742 489 1816 gregario
501 1743 642 1789 milite
665 1759 690 1788 v
694 1744 776 1789 este
800 1742 976 1789 &victu
985 1759 1079 1788 non
1094 1721 1169 1805 gc·
1178 1722 1262 1761 pra

87 1807 322 1881 discrepet,
358 1808 422 1852 fi
409 1824 454 1853 ln
465 1808 671 1855 omnibus
696 1808 954 1854 militaribus
988 1808 1076 1855 im-

87 1873 241 1935 periis,
274 1873 320 1919 in
352 1871 539 1935 seipsum
572 1873 760 1920 severior
791 1874 844 1919 sit
863 1876 970 1920 Dux
989 1874 1079 1936 ipse

91 1936 228 2002 quam
241 1936 286 1984 in
298 1938 473 1993 milites,
487 1951 538 1986 ut
548 1939 600 1986 fit
609 1939 671 1985 illi
680 1939 929 2004 generosior
941 1938 1078 2003 quam

90 2005 283 2052 ornatior
294 2021 430 2068 equus
445 2041 458 2060 ‚
479 2005 695 2052 erubescet
719 2005 844 2052 miles
859 2005 968 2051 ultra
978 2008 1076 2052 Du-

91 2070 152 2116 cis
185 2070 250 2117 sui
283 2087 462 2117 morem
486 2071 709 2118 ascendere
742 2074 787 2119 ὅ(
813 2071 1080 2134 splendidior

93 2135 204 2184 velle
227 2136 375 2186 videri.
414 2135 559 2186 Reste
592 2137 760 2185 Marius
793 2138 910 2202 apud
941 2136 1078 2184 Sallu-

584 2205 630 2253 D
669 2220 693 2264 7
951 2203 1084 2251 stium
