1320 2490
63 1581 209 1635 Ingenia

59 1635 202 1675 Ducum

262 67 326 129 98
397 68 676 112 ANDREAE
711 65 870 110 MAx.
908 66 1164 113 FREDRo

261 166 333 201 re,
367 148 572 194 invenisse
599 181 610 200 ,
661 148 861 194 statimve
883 149 1122 213 confligere
1146 166 1252 196 cum
1276 164 1279 201 ζ

259 215 410 266 hoste,
445 225 707 259 caeteromm
740 213 990 275 improvidi.
1027 218 1122 262 Cur
1145 214 1250 262 vero

255 279 447 341 prudens
479 282 589 325 Dux
623 278 726 324 belli
759 295 865 325 cum
895 279 1019 326 hoste
1044 282 1280 347 confligatss
1316 285 1320 313 ²

255 361 395 408 quem
409 347 535 391 mora
545 345 816 407 superaturus
829 346 906 390 est?
922 358 996 391 aut
1009 348 1131 408 cujus
1145 363 1252 393 con·
1277 387 1281 395 .
1319 400 1320 405 ¹

255 411 348 457 filia
360 411 560 456 ardorem
577 444 590 464 ,
614 410 774 463 robur,
790 411 1071 474 modumque
1090 411 1229 459 bellan
1277 469 1279 471 Ι

255 477 302 523 d1
326 476 530 523 nondum
568 488 769 538 expertus
803 476 882 530 fit3
920 477 1098 539 Impetu
1132 478 1254 525 venit
1280 522 1281 525 ,
1319 485 1320 489 ’

253 542 418 594 hostis,
442 554 676 604 provocat,
701 541 871 596 illudit,
900 554 948 588 tu
972 543 1120 606 potius
1147 544 1250 590 illu-

251 608 334 662 de,
359 609 613 654 ostentando
634 607 837 669 praelium
851 641 865 661 ,
888 607 1119 671 aliquando
1132 609 1253 657 velut

251 673 492 722 metuendo
505 708 521 727 ,
534 674 644 736 saepe
657 670 761 719 vero
773 674 971 719 vexando
981 708 994 727 ,
1009 689 1085 735 per
1098 675 1253 738 agilio-

251 757 321 788 res
334 740 536 803 equitum
550 739 808 792 insidiando,
822 739 1094 801 pabulatum,
1110 741 1250 805 ligna-

248 817 350 853 tum
363 841 376 860 ,
405 817 615 868 aquatum
627 804 969 867 prodeuntibus3
995 805 1098 853 inde
1117 823 1248 870 expe·

249 872 361 919 riere
383 872 490 935 quid
503 872 669 917 confilii
683 905 696 925 ,
728 871 892 934 quidve
913 871 1101 926 virium,
1138 873 1247 936 quid

249 937 492 1001 prudentiae
519 937 620 984 infit
645 936 840 984 hostibus
864 975 882 995 ,
900 949 975 984 aut
998 939 1144 1000 potius
1166 938 1247 1001 ipfi

249 1003 449 1050 hostium
461 1003 614 1056 Duci,
633 1015 736 1050 tum
759 1002 823 1048 illi
837 1003 1044 1050 fiduciam
1057 1004 1245 1052 insinua-

245 1069 327 1124 bis,
344 1080 395 1117 ut
405 1080 449 1116 te
461 1080 716 1116 contemnat
726 1068 939 1116 incautius
959 1070 1148 1133 agendo,
1163 1087 1247 1118 un-

247 1136 304 1183 de
336 1136 416 1182 tibi
449 1135 736 1185 commodior
767 1135 935 1182 occafio
960 1135 1107 1182 futura
1124 1137 1245 1184 inva—

248 1202 397 1249 dendi.
413 1204 525 1250 Non
536 1201 616 1248 alia
624 1218 691 1249 res
705 1202 847 1266 magis
858 1201 1028 1264 profuit
1049 1202 1249 1250 Anniba⁶

244 1267 279 1314 li
306 1279 459 1315 contra
485 1271 718 1315 Romanos
737 1267 941 1324 bellanti,
975 1264 1113 1331 quam
1137 1285 1244 1317 cum

244 1334 452 1380 intimam
478 1336 797 1382 Romanorum
831 1336 1015 1382 Ducum
1043 1346 1244 1383 naturam
1274 1331 1280 1337 ’

243 1400 434 1463 penitius
446 1399 743 1462 introspiceret
756 1433 770 1453 ‚
787 1400 921 1446 &suo
934 1401 1241 1462 quemquein-
1272 1442 1278 1445 ,

244 1466 442 1513 volveret
452 1466 631 1530 ingenio
668 1471 685 1527 (
703 1482 795 1512 non
817 1466 908 1512 fine
922 1465 1241 1511 multadOCtri-

245 1532 592 1596 nalegaslocum
626 1530 823 1593 polybii,
852 1530 970 1576 Libr.
995 1547 1035 1592 3.
1075 1530 1237 1578 Histor.
1277 1532 1279 1534 ’

244 1600 390 1645 Num.
432 1602 470 1643 L
489 1595 581 1643 XX
597 1596 650 1643 X,
671 1599 686 1656 )
734 1596 887 1643 Avaiis
901 1597 1034 1660 igitur
1046 1597 1240 1658 praedam

58 1687 228 1738 hostilium
246 1664 424 1723 objicies
438 1698 452 1718 ,
472 1664 724 1727 paventibus
748 1664 917 1726 ingeres
941 1662 1174 1709 securitatis
1186 1662 1244 1708 fi·
1275 1700 1278 1703 .

60 1744 193 1788 noscen·
246 1731 450 1783 duciam,
491 1730 611 1776 velut
644 1745 722 1790 per
756 1728 972 1775 incuriam
984 1728 1170 1791 agendo,
1187 1741 1238 1775 ut
1270 1755 1273 1757 ·

61 1791 126 1832 da.

245 1808 370 1843 metu
384 1795 541 1849 soluti,
568 1794 785 1840 remiffius
810 1806 964 1858 agant,
990 1793 1237 1840 furentibus

240 1872 342 1908 tum
375 1861 513 1925 igneis
552 1866 570 1923 (
596 1873 722 1907 metu
754 1860 995 1923 praesertim
1029 1858 1238 1928 simulato

237 1939 314 1974 aut
341 1927 479 1989 fuga)
515 1925 719 1991 suggeres
744 1925 992 1988 profiliendi
1015 1925 1235 1972 temerita-
1275 1923 1281 1930 ”

236 2003 356 2046 tem,
385 1995 429 2038 ὃς
453 1994 585 2042 strues
622 1991 792 2038 infidias
807 2025 830 2044 ,.
857 1991 1063 2037 leviculos
1097 1990 1237 2053 specie
1278 2002 1282 2007 ·

236 2060 505 2105 ἰταᾶὶειωιῑη]
518 2057 632 2119 pacis
644 2056 900 2110 ludificabis‚
915 2056 1122 2104 fastuosos
1133 2068 1233 2104 tum
1277 2075 1281 2114 j

233 2124 462 2172 iracundos
490 2126 534 2171 δε
559 2139 699 2171 morae
723 2123 996 2185 impatientes
1022 2159 1039 2179 ,
1068 2122 1231 2185 partim

1142 2204 1224 2251 po,

1311 636 1320 1477 <Qu-QQQW”·“A.„—-n
