1320 2490
280 131 371 174 160
411 127 685 171 ANDREAE
720 125 875 170 Max.
915 125 1166 169 FREDRo

344 218 530 260 Ferrum
542 214 653 260 dum
677 214 830 260 candet
852 212 994 260 statim
1019 211 1310 278 ευάεηάιιηιξ

274 281 378 332 effe,
393 296 484 325 non
497 296 552 326 ex
563 295 676 326 vano
697 280 897 333 diotum,
924 278 1131 340 Principis
1144 257 1309 342 etiam{

274 346 462 409 gratiam
487 362 579 410 non
601 362 656 392 ex
677 345 868 392 difficili
856 362 902 391 1n
915 344 1006 391 suas
1028 356 1167 407 partes
1186 354 1275 389 tra-
1306 395 1307 398 Ἰ

278 413 420 465 hunt,
445 412 523 474 qui
537 412 629 486 ejus
641 411 800 458 affectu
811 428 893 474 pro
917 422 1120 471 tempore
1140 412 1185 456 &
1198 425 1275 456 oc-

277 477 451 524 cafione
482 478 548 524 uti
596 489 786 532 norunt,
823 494 917 525 non
950 474 1193 523 differendo
1227 475 1275 522 in
1305 477 1320 530 ,ξ

282 555 474 605 tempus.
1319 545 1320 549 ’

331 611 443 655 Non
456 609 663 657 omittam
677 610 809 656 etiam
822 609 964 655 dicere
976 606 1275 671 causam‚qua-

277 691 326 721 re
349 674 424 729 fit,
448 687 498 722 ut
510 675 585 737 qui
600 675 796 722 maxima
809 668 1016 736 Principis
1029 674 1165 737 gratia
1176 673 1274 736 pol·

275 741 369 787 lent
371 741 634 805 ,proximius
646 741 797 794 fint,ut
806 741 979 805 gravius
991 740 1148 786 odium
1160 740 1314 820 POst‘}
1310 763 1311 766 ¹

276 807 360 853 hac
384 807 674 871 experiantur.
713 807 860 854 Placet
870 807 960 854 aliis
981 806 1128 859 causa,
1163 821 1275 852 cum
1305 838 1312 871 3

277 873 481 937 Princeps
494 884 668 921 tantum
683 872 912 921 honorum
926 876 969 921 &
983 871 1276 935 praemiorum
1308 880 1313 919 ἶ’.

278 939 471 994 dederit,
509 956 705 1003 quorum
731 940 893 988 satietas
917 938 1169 986 ministrum
1205 953 1275 984 ca·
1306 954 1315 978 ·.

277 1005 393 1068 piat,
384 1025 391 1032 ·
423 1017 475 1052 ut
486 1022 567 1052 nec
580 1006 776 1054 minister
788 1005 940 1053 habeat
949 1005 1138 1067 amplius
1153 1003 1276 1067 quod

278 1071 424 1134 cupiat
457 1090 480 1118 a
505 1072 728 1135 Principe,
764 1089 845 1119 nec
880 1072 1085 1134 Princeps
1124 1070 1285 1117 habeat·

279 1138 403 1201 quod
416 1138 648 1201 detsupra,
674 1135 868 1202 ideoque
879 1156 945 1186 nec
971 1140 1144 1185 attoffere
1157 1135 1270 1201 poffit

277 1203 465 1266 amplius
485 1204 591 1269 spem
607 1200 806 1267 ministri,
824 1208 840 1266 (
854 1221 960 1251 cum
985 1204 1130 1266 major
1152 1203 1241 1249 fit
1230 1222 1276 1252 ιη

279 1269 492 1333 obsequio
504 1271 811 1334 promptitudo
824 1287 878 1317 ex
891 1270 1124 1322 habendis,
1139 1286 1277 1332 quarn

274 1351 333 1382 ex
365 1347 465 1382 ante
498 1337 706 1400 poffeffis.
724 1338 743 1396 )
782 1335 957 1384 Verum
991 1336 1119 1382 altior
1140 1336 1279 1384 subest

276 1400 399 1447 causa
413 1435 426 1455 ‚
451 1417 556 1448 cum
570 1402 647 1456 fit,
673 1403 795 1466 quod
818 1404 864 1450 in
884 1402 1058 1449 Divinis
1080 1404 1185 1449 &in
1210 1420 1277 1450 ra-

276 1465 469 1513 tionibus
483 1467 782 1522 conscientiae,
797 1480 847 1514 ut
858 1466 1109 1529 cumaliqui
1133 1480 1277 1514 totam

275 1532 412 1579 vitam
424 1533 540 1597 frugi
565 1534 791 1598 exegerint
814 1568 826 1588 ,
840 1535 985 1596 postea
1005 1534 1116 1579 circa
1135 1532 1276 1579 finem

277 1597 550 1710 praesumunt
585 1600 639 1646 de
660 1600 795 1664 gratia
828 1600 896 1645 vel
922 1598 1120 1652 emeriti,
1157 1599 1276 1644 unde

280 1664 573 1728 negligentius
588 1677 789 1729 agentes,
815 1662 1014 1712 maxime
1042 1664 1272 1710 demeren-

280 1742 378 1784 tur,
393 1731 452 1777 fic
464 1732 654 1795 Principi
669 1746 900 1802 nunquam
912 1731 1007 1777 satis
1019 1729 1241 1777 serviveris
1255 1765 1269 1784 ,

278 1813 360 1842 nec
373 1797 616 1861 obligandae
636 1814 689 1863 gi
690 1809 784 1844 atiae
806 1797 997 1844 statueris
1020 1795 1098 1843 tibi
1120 1797 1274 1843 telmi-

278 1878 390 1909 num
415 1874 489 1910 aut
513 1875 706 1918 metam,
742 1863 813 1912 sed
834 1864 979 1927 potius
1002 1863 1215 1928 gradum,
1242 1862 1273 1909 fi
1302 1909 1305 1911 Α

281 1927 388 1974 vero
404 1931 562 1977 mereri
586 1947 745 1994 parum
772 1931 994 1995 negligas,
1029 1928 1274 1992 supe1b1am

282 1994 468 2041 ministri
479 2013 534 2043 ex
547 2015 600 2043 eo
611 1997 846 2060 suspicatur
860 1997 929 2044 Pi
918 2009 1062 2057 inceps
1089 1999 1106 2057 (
1119 1995 1150 2041 fi
1163 2012 1272 2059 prae—

279 2058 429 2106 sertim
444 2061 540 2115 1lla
565 2063 699 2110 verbo
709 2075 784 2110 aut
794 2065 914 2127 gestu
929 2062 1140 2126 quopiam
1155 2078 1273 2108 arro·
1312 2066 1315 2069 '

283 2127 402 2188 ganti
423 2128 655 2190 prodatur,
691 2146 790 2192 quae
811 2129 981 2194 singula
1002 2128 1190 2191 Principi
1225 2128 1273 2173 in

281 2192 438 2242 oculos
460 2194 715 2250 incurrunt,
741 2199 785 2245 δε
798 2196 922 2244 altius
944 2211 1080 2260 quam
1102 2193 1272 2259 sperasti

1226 2260 1274 2306 in
