<?xml version="1.0" encoding="UTF-8"?>
<!DOCTYPE html PUBLIC "-//W3C//DTD XHTML 1.0 Transitional//EN"
    "http://www.w3.org/TR/xhtml1/DTD/xhtml1-transitional.dtd">
<html xmlns="http://www.w3.org/1999/xhtml" xml:lang="en" lang="en">
 <head>
  <title>
</title>
<meta http-equiv="Content-Type" content="text/html;charset=utf-8" />
  <meta name='ocr-system' content='tesseract 3.04.00' />
  <meta name='ocr-capabilities' content='ocr_page ocr_carea ocr_par ocr_line ocrx_word'/>
</head>
<body>
  <div class='ocr_page' id='page_1' title='image "./andreaemaximilia00fred_0103.png"; bbox 0 0 1320 2490; ppageno 0'>
   <div class='ocr_carea' id='block_1_1' title="bbox 0 290 46 1807">
    <p class='ocr_par' dir='ltr' id='par_1_1' title="bbox 0 290 46 1807">
     <span class='ocr_line' id='line_1_1' title="bbox 15 290 44 424; baseline 0 -3"><span class='ocrx_word' id='word_1_1' title='bbox 15 290 44 424; x_wconf 95' lang='lat' dir='ltr'>   </span> 
     </span>
     <span class='ocr_line' id='line_1_2' title="bbox 17 947 44 1017; baseline 0 -1"><span class='ocrx_word' id='word_1_2' title='bbox 17 947 44 1017; x_wconf 95' lang='lat' dir='ltr'>  </span> 
     </span>
     <span class='ocr_line' id='line_1_3' title="bbox 15 1345 45 1412; baseline 0 -1"><span class='ocrx_word' id='word_1_3' title='bbox 15 1345 45 1412; x_wconf 95' lang='lat' dir='ltr'>  </span> 
     </span>
     <span class='ocr_line' id='line_1_4' title="bbox 0 1541 44 1601; baseline 0 889"><span class='ocrx_word' id='word_1_4' title='bbox 0 1541 44 1601; x_wconf 95' lang='lat' dir='ltr'> </span> 
     </span>
     <span class='ocr_line' id='line_1_5' title="bbox 0 1741 46 1807; baseline 0 683"><span class='ocrx_word' id='word_1_5' title='bbox 0 1741 46 1807; x_wconf 95' lang='lat' dir='ltr'> </span> 
     </span>
    </p>
   </div>
   <div class='ocr_carea' id='block_1_2' title="bbox 205 110 1041 173">
    <p class='ocr_par' dir='ltr' id='par_1_2' title="bbox 205 110 1041 173">
     <span class='ocr_line' id='line_1_6' title="bbox 205 110 1041 173; baseline -0.002 -16"><span class='ocrx_word' id='word_1_6' title='bbox 205 113 446 157; x_wconf 65' lang='lat' dir='ltr'>Scnxpr</span> <span class='ocrx_word' id='word_1_7' title='bbox 485 110 895 155; x_wconf 73' lang='lat' dir='ltr'>FRAGMENTA.</span> <span class='ocrx_word' id='word_1_8' title='bbox 981 126 1041 173; x_wconf 82' lang='lat'>93</span> 
     </span>
    </p>
   </div>
   <div class='ocr_carea' id='block_1_3' title="bbox 0 192 1226 2284">
    <p class='ocr_par' dir='ltr' id='par_1_3' title="bbox 0 192 1043 259">
     <span class='ocr_line' id='line_1_7' title="bbox 0 192 1043 259; baseline -0.001 -17"><span class='ocrx_word' id='word_1_9' title='bbox 0 213 14 233; x_wconf 44' lang='grc' dir='ltr'>ἢ</span> <span class='ocrx_word' id='word_1_10' title='bbox 49 192 296 259; x_wconf 76' lang='lat' dir='ltr'>Iigonum‚</span> <span class='ocrx_word' id='word_1_11' title='bbox 322 193 545 255; x_wconf 65' lang='lat' dir='ltr'>palai-um,</span> <span class='ocrx_word' id='word_1_12' title='bbox 569 194 823 258; x_wconf 83' lang='lat' dir='ltr'>aggerandae</span> <span class='ocrx_word' id='word_1_13' title='bbox 845 205 995 248; x_wconf 89' lang='lat' dir='ltr'>terrae,</span> <span class='ocrx_word' id='word_1_14' title='bbox 1008 194 1043 241; x_wconf 86' lang='lat' dir='ltr'><strong>fi</strong></span> 
     </span>
    </p>

    <p class='ocr_par' dir='ltr' id='par_1_4' title="bbox 0 259 1048 323">
     <span class='ocr_line' id='line_1_8' title="bbox 0 259 1048 323; baseline 0.001 -16"><span class='ocrx_word' id='word_1_15' title='bbox 0 268 15 298; x_wconf 70' lang='lat'><em>³</em></span> <span class='ocrx_word' id='word_1_16' title='bbox 52 260 186 313; x_wconf 65' lang='lat' dir='ltr'>fossa,</span> <span class='ocrx_word' id='word_1_17' title='bbox 196 272 286 306; x_wconf 88' lang='lat' dir='ltr'>aut</span> <span class='ocrx_word' id='word_1_18' title='bbox 303 259 483 322; x_wconf 86' lang='lat' dir='ltr'>ahquod</span> <span class='ocrx_word' id='word_1_19' title='bbox 494 261 833 306; x_wconf 84' lang='lat' dir='ltr'>munimentum</span> <span class='ocrx_word' id='word_1_20' title='bbox 871 264 888 322; x_wconf 95' lang='lat'><strong>(</strong></span> <span class='ocrx_word' id='word_1_21' title='bbox 914 271 1048 323; x_wconf 84' lang='lat' dir='ltr'>prout</span> 
     </span>
    </p>

    <p class='ocr_par' dir='ltr' id='par_1_5' title="bbox 0 323 1075 454">
     <span class='ocr_line' id='line_1_9' title="bbox 0 323 1046 390; baseline 0.002 -19"><span class='ocrx_word' id='word_1_22' title='bbox 0 348 14 371; x_wconf 51' lang='grc' dir='ltr'><strong><em>ἰ</em></strong></span> <span class='ocrx_word' id='word_1_23' title='bbox 49 344 116 374; x_wconf 84' lang='lat' dir='ltr'>res</span> <span class='ocrx_word' id='word_1_24' title='bbox 139 325 312 372; x_wconf 86' lang='lat' dir='ltr'>suaserit</span> <span class='ocrx_word' id='word_1_25' title='bbox 338 326 355 382; x_wconf 90' lang='lat'>)</span> <span class='ocrx_word' id='word_1_26' title='bbox 394 323 627 387; x_wconf 74' lang='lat' dir='ltr'>derepente</span> <span class='ocrx_word' id='word_1_27' title='bbox 653 326 840 372; x_wconf 88' lang='lat' dir='ltr'>medio</span> <span class='ocrx_word' id='word_1_28' title='bbox 828 343 873 372; x_wconf 90' lang='lat' dir='ltr'>1n</span> <span class='ocrx_word' id='word_1_29' title='bbox 895 326 1046 390; x_wconf 87' lang='lat' dir='ltr'>praelio</span> 
     </span>
     <span class='ocr_line' id='line_1_10' title="bbox 50 391 1075 454; baseline 0 -16"><span class='ocrx_word' id='word_1_30' title='bbox 50 392 336 438; x_wconf 82' lang='lat' dir='ltr'>excitandum</span> <span class='ocrx_word' id='word_1_31' title='bbox 360 391 439 444; x_wconf 87' lang='lat' dir='ltr'>fit,</span> <span class='ocrx_word' id='word_1_32' title='bbox 463 408 546 454; x_wconf 87' lang='lat' dir='ltr'>pro</span> <span class='ocrx_word' id='word_1_33' title='bbox 568 391 742 437; x_wconf 84' lang='lat' dir='ltr'>meliori</span> <span class='ocrx_word' id='word_1_34' title='bbox 763 391 948 439; x_wconf 89' lang='lat' dir='ltr'>suorum</span> <span class='ocrx_word' id='word_1_35' title='bbox 970 393 1045 438; x_wconf 91' lang='lat' dir='ltr'>de·</span> <span class='ocrx_word' id='word_1_36' title='bbox 1070 408 1075 411; x_wconf 91' lang='lat'>·</span> 
     </span>
    </p>

    <p class='ocr_par' dir='ltr' id='par_1_6' title="bbox 0 455 1049 520">
     <span class='ocr_line' id='line_1_11' title="bbox 0 455 1049 520; baseline 0.001 -16"><span class='ocrx_word' id='word_1_37' title='bbox 0 467 18 497; x_wconf 62' lang='grc' dir='ltr'>ἢ</span> <span class='ocrx_word' id='word_1_38' title='bbox 40 455 192 511; x_wconf 68' lang='lat' dir='ltr'>fenss,</span> <span class='ocrx_word' id='word_1_39' title='bbox 206 457 774 520; x_wconf 70' lang='lat' dir='ltr'>cedendummihicamp0.</span> <span class='ocrx_word' id='word_1_40' title='bbox 766 461 781 491; x_wconf 62' lang='grc' dir='ltr'>Ρ</span> <span class='ocrx_word' id='word_1_41' title='bbox 807 457 1049 520; x_wconf 85' lang='lat' dir='ltr'>providebo</span> 
     </span>
    </p>

    <p class='ocr_par' dir='ltr' id='par_1_7' title="bbox 0 522 1048 598">
     <span class='ocr_line' id='line_1_12' title="bbox 0 522 1048 598; baseline 0 -29"><span class='ocrx_word' id='word_1_42' title='bbox 0 533 16 564; x_wconf 84' lang='lat' dir='ltr'><strong>n</strong></span> <span class='ocrx_word' id='word_1_43' title='bbox 49 536 250 576; x_wconf 84' lang='lat' dir='ltr'>mature,</span> <span class='ocrx_word' id='word_1_44' title='bbox 266 523 497 598; x_wconf 79' lang='lat' dir='ltr'>quomodo</span> <span class='ocrx_word' id='word_1_45' title='bbox 510 540 601 569; x_wconf 90' lang='lat' dir='ltr'>non</span> <span class='ocrx_word' id='word_1_46' title='bbox 613 522 841 587; x_wconf 83' lang='lat' dir='ltr'>fugiendo,</span> <span class='ocrx_word' id='word_1_47' title='bbox 854 523 928 569; x_wconf 92' lang='lat' dir='ltr'>sed</span> <span class='ocrx_word' id='word_1_48' title='bbox 939 540 1048 570; x_wconf 89' lang='lat' dir='ltr'>con-</span> 
     </span>
    </p>

    <p class='ocr_par' dir='ltr' id='par_1_8' title="bbox 0 588 1046 653">
     <span class='ocr_line' id='line_1_13' title="bbox 0 588 1046 653; baseline 0.001 -19"><span class='ocrx_word' id='word_1_49' title='bbox 0 600 16 628; x_wconf 68' lang='lat' dir='ltr'>i·</span> <span class='ocrx_word' id='word_1_50' title='bbox 50 589 248 653; x_wconf 85' lang='lat' dir='ltr'>fligendo</span> <span class='ocrx_word' id='word_1_51' title='bbox 261 590 466 652; x_wconf 82' lang='lat' dir='ltr'>recipiam</span> <span class='ocrx_word' id='word_1_52' title='bbox 480 605 556 636; x_wconf 88' lang='lat' dir='ltr'>me</span> <span class='ocrx_word' id='word_1_53' title='bbox 567 589 613 635; x_wconf 86' lang='lat' dir='ltr'>in</span> <span class='ocrx_word' id='word_1_54' title='bbox 627 590 783 642; x_wconf 83' lang='lat' dir='ltr'>castra,</span> <span class='ocrx_word' id='word_1_55' title='bbox 808 601 859 635; x_wconf 90' lang='lat' dir='ltr'>ut</span> <span class='ocrx_word' id='word_1_56' title='bbox 880 588 955 635; x_wconf 88' lang='lat' dir='ltr'>seu</span> <span class='ocrx_word' id='word_1_57' title='bbox 968 588 1046 635; x_wconf 81' lang='lat' dir='ltr'><strong>ah·-</strong></span> 
     </span>
    </p>

    <p class='ocr_par' dir='ltr' id='par_1_9' title="bbox 0 650 1047 729">
     <span class='ocr_line' id='line_1_14' title="bbox 0 650 1047 729; baseline 0.001 -29"><span class='ocrx_word' id='word_1_58' title='bbox 0 650 20 696; x_wconf 73' lang='grc' dir='ltr'>ἰς</span> <span class='ocrx_word' id='word_1_59' title='bbox 51 654 176 717; x_wconf 89' lang='lat' dir='ltr'>quod</span> <span class='ocrx_word' id='word_1_60' title='bbox 213 655 551 702; x_wconf 83' lang='lat' dir='ltr'>munimentum</span> <span class='ocrx_word' id='word_1_61' title='bbox 583 655 754 701; x_wconf 80' lang='lat' dir='ltr'>instanti</span> <span class='ocrx_word' id='word_1_62' title='bbox 784 654 897 701; x_wconf 92' lang='lat' dir='ltr'>hosti</span> <span class='ocrx_word' id='word_1_63' title='bbox 932 655 1047 729; x_wconf 83' lang='lat' dir='ltr'>obji-</span> 
     </span>
    </p>

    <p class='ocr_par' dir='ltr' id='par_1_10' title="bbox 0 720 1048 783">
     <span class='ocr_line' id='line_1_15' title="bbox 0 720 1048 783; baseline 0.005 -20"><span class='ocrx_word' id='word_1_64' title='bbox 0 731 19 763; x_wconf 83' lang='lat' dir='ltr'>n</span> <span class='ocrx_word' id='word_1_65' title='bbox 46 720 187 774; x_wconf 84' lang='lat' dir='ltr'>ciam,</span> <span class='ocrx_word' id='word_1_66' title='bbox 213 721 343 767; x_wconf 85' lang='lat' dir='ltr'>velut</span> <span class='ocrx_word' id='word_1_67' title='bbox 356 738 440 768; x_wconf 84' lang='lat' dir='ltr'>una</span> <span class='ocrx_word' id='word_1_68' title='bbox 455 737 549 783; x_wconf 82' lang='lat' dir='ltr'>pars</span> <span class='ocrx_word' id='word_1_69' title='bbox 563 722 712 774; x_wconf 87' lang='lat' dir='ltr'>cedat,</span> <span class='ocrx_word' id='word_1_70' title='bbox 726 721 878 767; x_wconf 82' lang='lat' dir='ltr'>altera</span> <span class='ocrx_word' id='word_1_71' title='bbox 867 721 1048 768; x_wconf 87' lang='lat' dir='ltr'>mterim</span> 
     </span>
    </p>

    <p class='ocr_par' dir='ltr' id='par_1_11' title="bbox 0 785 1048 850">
     <span class='ocr_line' id='line_1_16' title="bbox 0 785 1048 850; baseline 0.001 -18"><span class='ocrx_word' id='word_1_72' title='bbox 0 798 16 827; x_wconf 71' lang='grc' dir='ltr'>ἰ·</span> <span class='ocrx_word' id='word_1_73' title='bbox 43 785 273 849; x_wconf 79' lang='lat' dir='ltr'>impetum</span> <span class='ocrx_word' id='word_1_74' title='bbox 296 786 496 834; x_wconf 58' lang='lat' dir='ltr'>sustineat</span> <span class='ocrx_word' id='word_1_75' title='bbox 519 807 531 841; x_wconf 83' lang='lat'>3</span> <span class='ocrx_word' id='word_1_76' title='bbox 559 787 732 834; x_wconf 77' lang='lat' dir='ltr'>vincam</span> <span class='ocrx_word' id='word_1_77' title='bbox 755 790 772 833; x_wconf 89' lang='lat'>?</span> <span class='ocrx_word' id='word_1_78' title='bbox 813 787 1048 850; x_wconf 88' lang='lat' dir='ltr'>quomodo</span> 
     </span>
    </p>

    <p class='ocr_par' dir='ltr' id='par_1_12' title="bbox 0 851 1047 1048">
     <span class='ocr_line' id='line_1_17' title="bbox 0 851 1047 915; baseline 0.001 -16"><span class='ocrx_word' id='word_1_79' title='bbox 0 864 19 893; x_wconf 67' lang='lat'>›-</span> <span class='ocrx_word' id='word_1_80' title='bbox 51 851 228 899; x_wconf 83' lang='lat' dir='ltr'>hostem</span> <span class='ocrx_word' id='word_1_81' title='bbox 249 852 428 915; x_wconf 79' lang='lat' dir='ltr'>sequar,</span> <span class='ocrx_word' id='word_1_82' title='bbox 460 870 552 899; x_wconf 90' lang='lat' dir='ltr'>non</span> <span class='ocrx_word' id='word_1_83' title='bbox 576 853 735 901; x_wconf 82' lang='lat' dir='ltr'>effusus</span> <span class='ocrx_word' id='word_1_84' title='bbox 748 877 770 903; x_wconf 79' lang='grc'>,-</span> <span class='ocrx_word' id='word_1_85' title='bbox 786 870 878 900; x_wconf 91' lang='lat' dir='ltr'>non</span> <span class='ocrx_word' id='word_1_86' title='bbox 898 853 1047 900; x_wconf 89' lang='lat' dir='ltr'>incau-</span> 
     </span>
     <span class='ocr_line' id='line_1_18' title="bbox 51 916 1043 983; baseline 0.001 -18"><span class='ocrx_word' id='word_1_87' title='bbox 51 928 121 965; x_wconf 86' lang='lat' dir='ltr'>tus</span> <span class='ocrx_word' id='word_1_88' title='bbox 135 952 148 972; x_wconf 94' lang='lat'>‚</span> <span class='ocrx_word' id='word_1_89' title='bbox 173 929 247 964; x_wconf 88' lang='lat' dir='ltr'>aut</span> <span class='ocrx_word' id='word_1_90' title='bbox 270 918 301 964; x_wconf 88' lang='lat' dir='ltr'>fi</span> <span class='ocrx_word' id='word_1_91' title='bbox 315 934 411 981; x_wconf 77' lang='lat' dir='ltr'>pars</span> <span class='ocrx_word' id='word_1_92' title='bbox 433 935 644 965; x_wconf 89' lang='lat' dir='ltr'>meorum</span> <span class='ocrx_word' id='word_1_93' title='bbox 671 916 807 966; x_wconf 71' lang='lat' dir='ltr'>effuse</span> <span class='ocrx_word' id='word_1_94' title='bbox 831 931 957 983; x_wconf 88' lang='lat' dir='ltr'>tergo</span> <span class='ocrx_word' id='word_1_95' title='bbox 971 918 1043 966; x_wconf 83' lang='lat' dir='ltr'>fu-</span> 
     </span>
     <span class='ocr_line' id='line_1_19' title="bbox 51 984 1046 1048; baseline 0.002 -18"><span class='ocrx_word' id='word_1_96' title='bbox 51 984 273 1048; x_wconf 82' lang='lat' dir='ltr'>gientium</span> <span class='ocrx_word' id='word_1_97' title='bbox 283 984 492 1032; x_wconf 84' lang='lat' dir='ltr'>inhaereat</span> <span class='ocrx_word' id='word_1_98' title='bbox 504 1020 516 1038; x_wconf 91' lang='lat'>,</span> <span class='ocrx_word' id='word_1_99' title='bbox 541 1002 636 1048; x_wconf 79' lang='lat' dir='ltr'>pars</span> <span class='ocrx_word' id='word_1_100' title='bbox 649 997 798 1031; x_wconf 83' lang='lat' dir='ltr'>tamen</span> <span class='ocrx_word' id='word_1_101' title='bbox 811 985 941 1032; x_wconf 89' lang='lat' dir='ltr'>altera</span> <span class='ocrx_word' id='word_1_102' title='bbox 954 1001 1046 1032; x_wconf 89' lang='lat' dir='ltr'>non</span> 
     </span>
    </p>

    <p class='ocr_par' dir='ltr' id='par_1_13' title="bbox 0 1049 1049 1114">
     <span class='ocr_line' id='line_1_20' title="bbox 0 1049 1049 1114; baseline 0.002 -19"><span class='ocrx_word' id='word_1_103' title='bbox 0 1064 20 1094; x_wconf 82' lang='lat' dir='ltr'>:r</span> <span class='ocrx_word' id='word_1_104' title='bbox 50 1049 231 1096; x_wconf 83' lang='lat' dir='ltr'>turbatis</span> <span class='ocrx_word' id='word_1_105' title='bbox 251 1050 477 1097; x_wconf 84' lang='lat' dir='ltr'>ordinibus</span> <span class='ocrx_word' id='word_1_106' title='bbox 512 1049 629 1098; x_wconf 79' lang='lat' dir='ltr'>lente</span> <span class='ocrx_word' id='word_1_107' title='bbox 654 1051 859 1114; x_wconf 80' lang='lat' dir='ltr'>sequatur</span> <span class='ocrx_word' id='word_1_108' title='bbox 906 1055 926 1112; x_wconf 91' lang='lat'>(</span> <span class='ocrx_word' id='word_1_109' title='bbox 946 1051 980 1097; x_wconf 94' lang='lat' dir='ltr'>fi</span> <span class='ocrx_word' id='word_1_110' title='bbox 1004 1049 1049 1097; x_wconf 84' lang='lat' dir='ltr'>se</span> 
     </span>
    </p>

    <p class='ocr_par' dir='ltr' id='par_1_14' title="bbox 0 1114 1072 1246">
     <span class='ocr_line' id='line_1_21' title="bbox 0 1114 1072 1170; baseline 0.002 -8"><span class='ocrx_word' id='word_1_111' title='bbox 0 1130 18 1161; x_wconf 67' lang='lat' dir='ltr'>n</span> <span class='ocrx_word' id='word_1_112' title='bbox 51 1114 187 1162; x_wconf 89' lang='lat' dir='ltr'>hostis</span> <span class='ocrx_word' id='word_1_113' title='bbox 209 1116 407 1163; x_wconf 86' lang='lat' dir='ltr'>obvertat</span> <span class='ocrx_word' id='word_1_114' title='bbox 428 1151 441 1170; x_wconf 92' lang='lat'>‚</span> <span class='ocrx_word' id='word_1_115' title='bbox 487 1133 537 1163; x_wconf 86' lang='lat' dir='ltr'>ac</span> <span class='ocrx_word' id='word_1_116' title='bbox 558 1134 683 1164; x_wconf 82' lang='lat' dir='ltr'>meos</span> <span class='ocrx_word' id='word_1_117' title='bbox 713 1118 864 1163; x_wconf 86' lang='lat' dir='ltr'>cedere</span> <span class='ocrx_word' id='word_1_118' title='bbox 883 1116 1049 1164; x_wconf 87' lang='lat' dir='ltr'>iterum</span> <span class='ocrx_word' id='word_1_119' title='bbox 1069 1119 1072 1123; x_wconf 86' lang='grc'><strong><em>’</em></strong></span> 
     </span>
     <span class='ocr_line' id='line_1_22' title="bbox 47 1182 1046 1246; baseline 0 -18"><span class='ocrx_word' id='word_1_120' title='bbox 47 1183 214 1246; x_wconf 82' lang='lat' dir='ltr'>cogat)</span> <span class='ocrx_word' id='word_1_121' title='bbox 239 1182 522 1230; x_wconf 86' lang='lat' dir='ltr'>inferendum</span> <span class='ocrx_word' id='word_1_122' title='bbox 535 1183 775 1230; x_wconf 80' lang='lat' dir='ltr'>subsidium</span> <span class='ocrx_word' id='word_1_123' title='bbox 790 1216 804 1236; x_wconf 90' lang='lat'>,</span> <span class='ocrx_word' id='word_1_124' title='bbox 816 1194 917 1229; x_wconf 82' lang='lat' dir='ltr'>tum</span> <span class='ocrx_word' id='word_1_125' title='bbox 931 1199 1046 1246; x_wconf 92' lang='lat' dir='ltr'>quo-</span> 
     </span>
    </p>

    <p class='ocr_par' dir='ltr' id='par_1_15' title="bbox 0 1248 1046 1378">
     <span class='ocr_line' id='line_1_23' title="bbox 0 1248 1046 1313; baseline -0.001 -19"><span class='ocrx_word' id='word_1_126' title='bbox 0 1263 18 1293; x_wconf 75' lang='lat'>2-</span> <span class='ocrx_word' id='word_1_127' title='bbox 44 1249 194 1295; x_wconf 64' lang='lat' dir='ltr'>&gt;modo</span> <span class='ocrx_word' id='word_1_128' title='bbox 217 1249 377 1295; x_wconf 88' lang='lat' dir='ltr'>eodem</span> <span class='ocrx_word' id='word_1_129' title='bbox 399 1249 572 1313; x_wconf 88' lang='lat' dir='ltr'>impetu</span> <span class='ocrx_word' id='word_1_130' title='bbox 595 1251 724 1295; x_wconf 71' lang='lat' dir='ltr'>mstra</span> <span class='ocrx_word' id='word_1_131' title='bbox 755 1248 953 1294; x_wconf 90' lang='lat' dir='ltr'>hostium</span> <span class='ocrx_word' id='word_1_132' title='bbox 977 1264 1046 1294; x_wconf 86' lang='lat' dir='ltr'>ca-</span> 
     </span>
     <span class='ocr_line' id='line_1_24' title="bbox 45 1314 1044 1378; baseline -0.001 -18"><span class='ocrx_word' id='word_1_133' title='bbox 45 1314 172 1377; x_wconf 68' lang='lat' dir='ltr'>”piam</span> <span class='ocrx_word' id='word_1_134' title='bbox 185 1348 197 1366; x_wconf 91' lang='lat'>,</span> <span class='ocrx_word' id='word_1_135' title='bbox 222 1331 367 1378; x_wconf 91' lang='lat' dir='ltr'>neque</span> <span class='ocrx_word' id='word_1_136' title='bbox 377 1316 519 1377; x_wconf 70' lang='lat' dir='ltr'>praedz&#39;i</span> <span class='ocrx_word' id='word_1_137' title='bbox 531 1315 620 1362; x_wconf 88' lang='lat' dir='ltr'>mei</span> <span class='ocrx_word' id='word_1_138' title='bbox 639 1314 799 1364; x_wconf 75' lang='lat' dir='ltr'>mdjtes</span> <span class='ocrx_word' id='word_1_139' title='bbox 825 1330 1044 1375; x_wconf 80' lang='lat' dir='ltr'>occupen-</span> 
     </span>
    </p>

    <p class='ocr_par' dir='ltr' id='par_1_16' title="bbox 0 1379 1045 1444">
     <span class='ocr_line' id='line_1_25' title="bbox 0 1379 1045 1444; baseline 0 -19"><span class='ocrx_word' id='word_1_140' title='bbox 0 1400 17 1425; x_wconf 65' lang='grc'>’,-</span> <span class='ocrx_word' id='word_1_141' title='bbox 45 1391 149 1433; x_wconf 75' lang='grc' dir='ltr'>ωτ,</span> <span class='ocrx_word' id='word_1_142' title='bbox 176 1382 263 1443; x_wconf 57' lang='lat' dir='ltr'>qud</span> <span class='ocrx_word' id='word_1_143' title='bbox 285 1381 485 1442; x_wconf 88' lang='lat' dir='ltr'>impediti</span> <span class='ocrx_word' id='word_1_144' title='bbox 507 1381 555 1426; x_wconf 85' lang='lat' dir='ltr'>in</span> <span class='ocrx_word' id='word_1_145' title='bbox 577 1392 730 1427; x_wconf 82' lang='lat' dir='ltr'>caetera</span> <span class='ocrx_word' id='word_1_146' title='bbox 749 1379 1045 1444; x_wconf 83' lang='lat' dir='ltr'>negligentes,</span> 
     </span>
    </p>

    <p class='ocr_par' dir='ltr' id='par_1_17' title="bbox 0 1444 1046 1509">
     <span class='ocr_line' id='line_1_26' title="bbox 0 1444 1046 1509; baseline 0.001 -18"><span class='ocrx_word' id='word_1_147' title='bbox 0 1461 11 1491; x_wconf 70' lang='lat' dir='ltr'><em>a</em></span> <span class='ocrx_word' id='word_1_148' title='bbox 53 1444 167 1492; x_wconf 78' lang='lat' dir='ltr'>hosti</span> <span class='ocrx_word' id='word_1_149' title='bbox 189 1446 472 1509; x_wconf 83' lang='lat' dir='ltr'>recolligendi</span> <span class='ocrx_word' id='word_1_150' title='bbox 496 1446 638 1500; x_wconf 85' lang='lat' dir='ltr'>vires,</span> <span class='ocrx_word' id='word_1_151' title='bbox 661 1458 862 1508; x_wconf 87' lang='lat' dir='ltr'>tempus,</span> <span class='ocrx_word' id='word_1_152' title='bbox 888 1462 1046 1492; x_wconf 88' lang='lat' dir='ltr'>conce-</span> 
     </span>
    </p>

    <p class='ocr_par' dir='ltr' id='par_1_18' title="bbox 0 1511 1226 2284">
     <span class='ocr_line' id='line_1_27' title="bbox 0 1511 1221 1576; baseline 0.001 -20"><span class='ocrx_word' id='word_1_153' title='bbox 0 1556 3 1573; x_wconf 38' lang='lat'><strong>:</strong></span> <span class='ocrx_word' id='word_1_154' title='bbox 53 1511 173 1556; x_wconf 88' lang='lat' dir='ltr'>dant.</span> <span class='ocrx_word' id='word_1_155' title='bbox 187 1512 438 1574; x_wconf 81' lang='lat' dir='ltr'>Qomodo</span> <span class='ocrx_word' id='word_1_156' title='bbox 451 1511 623 1574; x_wconf 89' lang='lat' dir='ltr'>insuper</span> <span class='ocrx_word' id='word_1_157' title='bbox 645 1512 880 1576; x_wconf 83' lang='lat' dir='ltr'>prosequar</span> <span class='ocrx_word' id='word_1_158' title='bbox 902 1513 1041 1558; x_wconf 72' lang='grc' dir='ltr'>νὶἃο-</span> <span class='ocrx_word' id='word_1_159' title='bbox 1072 1530 1221 1568; x_wconf 64' lang='lat' dir='ltr'>moria</span> 
     </span>
     <span class='ocr_line' id='line_1_28' title="bbox 53 1575 1226 1640; baseline 0 -18"><span class='ocrx_word' id='word_1_160' title='bbox 53 1575 194 1630; x_wconf 85' lang='lat' dir='ltr'>riam,</span> <span class='ocrx_word' id='word_1_161' title='bbox 216 1589 400 1640; x_wconf 75' lang='lat' dir='ltr'>utarque</span> <span class='ocrx_word' id='word_1_162' title='bbox 411 1580 575 1624; x_wconf 86' lang='lat' dir='ltr'>recenti</span> <span class='ocrx_word' id='word_1_163' title='bbox 589 1579 811 1625; x_wconf 85' lang='lat' dir='ltr'>terrorein</span> <span class='ocrx_word' id='word_1_164' title='bbox 825 1578 984 1631; x_wconf 84' lang='lat' dir='ltr'>hostes,</span> <span class='ocrx_word' id='word_1_165' title='bbox 995 1588 1046 1623; x_wconf 90' lang='lat' dir='ltr'>ut</span> <span class='ocrx_word' id='word_1_166' title='bbox 1069 1583 1226 1633; x_wconf 73' lang='lat' dir='ltr'>quomoda</span> 
     </span>
     <span class='ocr_line' id='line_1_29' title="bbox 0 1636 1171 1722; baseline -0.003 -34"><span class='ocrx_word' id='word_1_167' title='bbox 0 1660 20 1688; x_wconf 70' lang='lat' dir='ltr'>u·</span> <span class='ocrx_word' id='word_1_168' title='bbox 51 1643 201 1706; x_wconf 84' lang='lat' dir='ltr'>potius</span> <span class='ocrx_word' id='word_1_169' title='bbox 222 1640 469 1722; x_wconf 84' lang='lat' dir='ltr'>fugientem</span> <span class='ocrx_word' id='word_1_170' title='bbox 492 1644 666 1690; x_wconf 86' lang='lat' dir='ltr'>hostem</span> <span class='ocrx_word' id='word_1_171' title='bbox 699 1645 753 1690; x_wconf 88' lang='lat' dir='ltr'>ad</span> <span class='ocrx_word' id='word_1_172' title='bbox 785 1643 1047 1690; x_wconf 84' lang='lat' dir='ltr'>internecio-</span> <span class='ocrx_word' id='word_1_173' title='bbox 1065 1636 1171 1685; x_wconf 81' lang='lat' dir='ltr'>prose-</span> 
     </span>
     <span class='ocr_line' id='line_1_30' title="bbox 55 1699 1091 1782; baseline 0.002 -28"><span class='ocrx_word' id='word_1_174' title='bbox 55 1724 162 1754; x_wconf 90' lang='lat' dir='ltr'>nem</span> <span class='ocrx_word' id='word_1_175' title='bbox 174 1707 351 1771; x_wconf 80' lang='lat' dir='ltr'>sequar,</span> <span class='ocrx_word' id='word_1_176' title='bbox 376 1725 512 1782; x_wconf 83' lang='lat' dir='ltr'>quam</span> <span class='ocrx_word' id='word_1_177' title='bbox 523 1722 574 1756; x_wconf 86' lang='lat' dir='ltr'>ut</span> <span class='ocrx_word' id='word_1_178' title='bbox 595 1710 848 1772; x_wconf 85' lang='lat' dir='ltr'>recipiendis</span> <span class='ocrx_word' id='word_1_179' title='bbox 870 1699 1091 1756; x_wconf 70' lang='lat' dir='ltr'>urbibusq</span> 
     </span>
     <span class='ocr_line' id='line_1_31' title="bbox 56 1774 1047 1838; baseline 0.001 -19"><span class='ocrx_word' id='word_1_180' title='bbox 56 1774 301 1828; x_wconf 90' lang='lat' dir='ltr'>immorer,</span> <span class='ocrx_word' id='word_1_181' title='bbox 327 1787 377 1820; x_wconf 89' lang='lat' dir='ltr'>ut</span> <span class='ocrx_word' id='word_1_182' title='bbox 397 1775 531 1821; x_wconf 85' lang='lat' dir='ltr'>totius</span> <span class='ocrx_word' id='word_1_183' title='bbox 579 1780 598 1836; x_wconf 84' lang='lat'>(</span> <span class='ocrx_word' id='word_1_184' title='bbox 620 1787 672 1821; x_wconf 88' lang='lat' dir='ltr'>ut</span> <span class='ocrx_word' id='word_1_185' title='bbox 696 1778 820 1838; x_wconf 86' lang='lat' dir='ltr'>ajunt</span> <span class='ocrx_word' id='word_1_186' title='bbox 843 1775 862 1832; x_wconf 92' lang='lat'>)</span> <span class='ocrx_word' id='word_1_187' title='bbox 915 1779 1047 1837; x_wconf 76' lang='lat' dir='ltr'>campi</span> 
     </span>
     <span class='ocr_line' id='line_1_32' title="bbox 0 1839 1043 1904; baseline 0.001 -17"><span class='ocrx_word' id='word_1_188' title='bbox 0 1842 22 1888; x_wconf 84' lang='lat' dir='ltr'>:n&#39;</span> <span class='ocrx_word' id='word_1_189' title='bbox 57 1844 264 1887; x_wconf 77' lang='lat' dir='ltr'>Dominus</span> <span class='ocrx_word' id='word_1_190' title='bbox 279 1839 349 1892; x_wconf 65' lang='lat' dir='ltr'>lim</span> <span class='ocrx_word' id='word_1_191' title='bbox 365 1877 379 1896; x_wconf 86' lang='lat'><strong><em>,</em></strong></span> <span class='ocrx_word' id='word_1_192' title='bbox 403 1841 555 1887; x_wconf 79' lang='lat' dir='ltr'>omnia</span> <span class='ocrx_word' id='word_1_193' title='bbox 563 1854 638 1886; x_wconf 87' lang='lat' dir='ltr'>aut</span> <span class='ocrx_word' id='word_1_194' title='bbox 650 1854 774 1887; x_wconf 87' lang='lat' dir='ltr'>metu</span> <span class='ocrx_word' id='word_1_195' title='bbox 795 1840 1016 1904; x_wconf 88' lang='lat' dir='ltr'>opplendo</span> <span class='ocrx_word' id='word_1_196' title='bbox 1029 1871 1043 1894; x_wconf 70' lang='lat'>³</span> 
     </span>
     <span class='ocr_line' id='line_1_33' title="bbox 0 1907 1044 1968; baseline -0.001 -14"><span class='ocrx_word' id='word_1_197' title='bbox 0 1924 23 1954; x_wconf 86' lang='lat' dir='ltr'><strong>m</strong></span> <span class='ocrx_word' id='word_1_198' title='bbox 58 1917 132 1951; x_wconf 89' lang='lat' dir='ltr'>aut</span> <span class='ocrx_word' id='word_1_199' title='bbox 143 1907 426 1968; x_wconf 87' lang='lat' dir='ltr'>impediendo</span> <span class='ocrx_word' id='word_1_200' title='bbox 440 1941 452 1959; x_wconf 94' lang='lat'>‚</span> <span class='ocrx_word' id='word_1_201' title='bbox 475 1923 533 1952; x_wconf 89' lang='lat' dir='ltr'>ne</span> <span class='ocrx_word' id='word_1_202' title='bbox 556 1907 686 1953; x_wconf 83' lang='lat' dir='ltr'>hostis</span> <span class='ocrx_word' id='word_1_203' title='bbox 707 1907 863 1953; x_wconf 86' lang='lat' dir='ltr'>alicubi</span> <span class='ocrx_word' id='word_1_204' title='bbox 884 1922 1044 1953; x_wconf 82' lang='lat' dir='ltr'>conve-</span> 
     </span>
     <span class='ocr_line' id='line_1_34' title="bbox 0 1972 1047 2027; baseline 0 -7"><span class='ocrx_word' id='word_1_205' title='bbox 0 1992 23 2027; x_wconf 71' lang='lat' dir='ltr'>r,</span> <span class='ocrx_word' id='word_1_206' title='bbox 58 1973 174 2025; x_wconf 85' lang='lat' dir='ltr'>niat,</span> <span class='ocrx_word' id='word_1_207' title='bbox 211 1974 449 2018; x_wconf 83' lang='lat' dir='ltr'>castrorum</span> <span class='ocrx_word' id='word_1_208' title='bbox 474 1989 639 2020; x_wconf 88' lang='lat' dir='ltr'>nomen</span> <span class='ocrx_word' id='word_1_209' title='bbox 663 1972 870 2019; x_wconf 59' lang='lat' dir='ltr'>finiturus.</span> <span class='ocrx_word' id='word_1_210' title='bbox 919 1975 1047 2020; x_wconf 90' lang='lat' dir='ltr'>Tum</span> 
     </span>
     <span class='ocr_line' id='line_1_35' title="bbox 60 2038 1046 2101; baseline 0.002 -18"><span class='ocrx_word' id='word_1_211' title='bbox 60 2054 117 2084; x_wconf 88' lang='lat' dir='ltr'>ne</span> <span class='ocrx_word' id='word_1_212' title='bbox 128 2054 205 2101; x_wconf 90' lang='lat' dir='ltr'>per</span> <span class='ocrx_word' id='word_1_213' title='bbox 216 2038 628 2092; x_wconf 75' lang='lat' dir='ltr'>modicadistrahas,</span> <span class='ocrx_word' id='word_1_214' title='bbox 652 2039 724 2085; x_wconf 89' lang='lat' dir='ltr'>sed</span> <span class='ocrx_word' id='word_1_215' title='bbox 744 2051 872 2101; x_wconf 84' lang='lat' dir='ltr'>caput</span> <span class='ocrx_word' id='word_1_216' title='bbox 891 2056 1046 2085; x_wconf 89' lang='lat' dir='ltr'>rerum</span> 
     </span>
     <span class='ocr_line' id='line_1_36' title="bbox 0 2104 1043 2169; baseline 0.001 -19"><span class='ocrx_word' id='word_1_217' title='bbox 0 2128 2 2154; x_wconf 73' lang='lat'><em>5</em></span> <span class='ocrx_word' id='word_1_218' title='bbox 59 2116 223 2166; x_wconf 84' lang='lat' dir='ltr'>petam,</span> <span class='ocrx_word' id='word_1_219' title='bbox 240 2121 383 2167; x_wconf 90' lang='lat' dir='ltr'>neque</span> <span class='ocrx_word' id='word_1_220' title='bbox 395 2105 541 2150; x_wconf 86' lang='lat' dir='ltr'>imiter</span> <span class='ocrx_word' id='word_1_221' title='bbox 553 2104 818 2152; x_wconf 84' lang='lat' dir='ltr'>Annibalem</span> <span class='ocrx_word' id='word_1_222' title='bbox 832 2140 844 2159; x_wconf 94' lang='lat'>‚</span> <span class='ocrx_word' id='word_1_223' title='bbox 859 2105 937 2169; x_wconf 89' lang='lat' dir='ltr'>qui</span> <span class='ocrx_word' id='word_1_224' title='bbox 949 2105 1043 2151; x_wconf 81' lang='lat' dir='ltr'>vin·</span> 
     </span>
     <span class='ocr_line' id='line_1_37' title="bbox 0 2170 1047 2227; baseline 0.001 -13"><span class='ocrx_word' id='word_1_225' title='bbox 0 2201 5 2213; x_wconf 34' lang='grc' dir='ltr'><strong><em>ι</em></strong></span> <span class='ocrx_word' id='word_1_226' title='bbox 56 2185 157 2216; x_wconf 84' lang='lat' dir='ltr'>cere</span> <span class='ocrx_word' id='word_1_227' title='bbox 168 2170 315 2224; x_wconf 85' lang='lat' dir='ltr'>scivit,</span> <span class='ocrx_word' id='word_1_228' title='bbox 341 2171 522 2218; x_wconf 57' lang='lat' dir='ltr'>vidtorifi</span> <span class='ocrx_word' id='word_1_229' title='bbox 532 2172 597 2218; x_wconf 91' lang='lat' dir='ltr'>uti</span> <span class='ocrx_word' id='word_1_230' title='bbox 618 2171 820 2227; x_wconf 85' lang='lat' dir='ltr'>nescivit,</span> <span class='ocrx_word' id='word_1_231' title='bbox 845 2188 952 2219; x_wconf 88' lang='lat' dir='ltr'>cum</span> <span class='ocrx_word' id='word_1_232' title='bbox 973 2181 1047 2216; x_wconf 81' lang='lat' dir='ltr'>aut</span> 
     </span>
     <span class='ocr_line' id='line_1_38' title="bbox 428 2239 1047 2284; baseline -0.006 1"><span class='ocrx_word' id='word_1_233' title='bbox 428 2248 436 2253; x_wconf 83' lang='lat'><em>&#39;</em></span> <span class='ocrx_word' id='word_1_234' title='bbox 569 2239 606 2284; x_wconf 82' lang='lat' dir='ltr'>E</span> <span class='ocrx_word' id='word_1_235' title='bbox 647 2255 672 2284; x_wconf 86' lang='lat'>2</span> <span class='ocrx_word' id='word_1_236' title='bbox 939 2253 1047 2283; x_wconf 87' lang='lat' dir='ltr'>cun-</span> 
     </span>
    </p>
   </div>
   <div class='ocr_carea' id='block_1_4' title="bbox 1179 1700 1218 1728">
    <p class='ocr_par' dir='ltr' id='par_1_19' title="bbox 1179 1700 1218 1728">
     <span class='ocr_line' id='line_1_39' title="bbox 1179 1700 1218 1728; baseline 0 0"><span class='ocrx_word' id='word_1_237' title='bbox 1179 1700 1218 1728; x_wconf 64' lang='lat' dir='ltr'>a·</span> 
     </span>
    </p>
   </div>
  </div>
 </body>
</html>
