1320 2490
208 108 302 168 356
339 105 609 150 ANDREAE
644 105 1091 154 MAx.‘FRE1>no

209 193 288 256 qui
322 190 570 237 succumbit
595 224 609 245 ,
659 201 787 238 metu
822 206 968 252 poenae
1001 191 1212 238 deteriora

209 257 426 310 molitur,
460 259 624 320 privata
637 260 810 305 vulnera
838 256 1086 318 Reipublicae
1101 261 1216 306 maltis

210 321 426 388 operiendo,
439 323 493 368 ad
506 321 651 370 hostes
661 323 812 369 tranfit
824 323 1022 387 instigat
1034 323 1079 369 in
1093 340 1216 370 arma

209 389 378 436 vicinos
391 388 639 453 Principes,
652 388 899 435 occasiones
914 389 1082 452 operit,
1110 389 1215 454 sug-

209 456 326 522 gerit
347 455 548 509 occulta,
574 455 768 502 studium
794 454 949 509 offert,
973 456 1217 518 praesertim
1267 518 1271 519 ⁷
1307 492 1308 513 3

210 523 246 569 fi
260 521 401 568 adfint:
412 520 541 568 vicini
556 521 802 585 Principes,
817 521 893 585 qui
908 521 956 568 in
969 522 1217 569 occafiones

204 588 369 648 intenti
394 622 408 642 ‚
449 587 651 634 fomenta
683 587 802 635 bello
834 586 1044 651 prompte
1080 587 1215 651 subji-

212 655 356 707 ciant,
395 657 438 700 in
473 653 625 701 turbido
651 653 897 701 commodim
934 653 1020 717 (ut
1058 654 1216 716 ajunt)
1274 707 1277 714 Δ

208 718 411 786 piscaturi.
449 722 545 766 Aut
567 719 820 784 quiviribus
842 721 1172 800 praeponderat,
1195 718 1220 767 ὲ
1268 748 1270 750 -

209 785 481 834 confidentia
501 784 710 849 potentiae
727 785 979 839 insolescat,
1006 784 1103 832 imo
1126 786 1226 832 for-v

213 853 291 901 san
311 851 365 898 ab
379 852 648 899 aemulorum
662 852 812 906 ruina,
839 852 1064 899 licentiam
1077 855 1121 900 &
1144 868 1218 899 au·
1277 908 1286 916 ἦ

213 919 353 967 sum
342 935 388 964 m
412 918 565 965 altiora
588 918 829 965 transferat.
869 918 940 964 Sic
963 917 1106 965 Caesar
1118 917 1221 964 sub-
1276 923 1287 980 ᾗ

213 984 341 1031 verso
354 984 520 1031 aemulo
537 985 757 1047 Pompejo
771 1019 784 1038 ,
811 985 858 1030 in
872 983 1222 1047 Rempublicam
1263 996 1266 997 ’
1283 974 1307 1042 J*

213 1049 441 1098 involavit.
468 1051 621 1104 Adde,
635 1050 668 1095 s1
682 1050 873 1097 Ministri
888 1050 1060 1115 magnis
1076 1053 1220 1114 Togae
1280 1039 1298 1114 34

212 1129 295 1164 aut
305 1116 415 1163 Belli
428 1116 613 1182 negotiis
626 1116 800 1178 praefint
812 1151 825 1171 ,
851 1133 951 1180 quae
964 1116 1044 1163 nifi
1057 1127 1222 1163 mutuo
1297 1158 1298 1161 ,

215 1182 403 1231 confilio
438 1186 484 1230 &
517 1182 767 1230 studiorum
801 1182 1036 1230 concordia
1073 1187 1090 1243 (
1106 1182 1222 1229 dum

216 1266 334 1296 unus
355 1249 546 1295 alterum
562 1250 692 1312 juvat
716 1249 856 1295 necin
880 1247 1044 1294 diversa
1054 1247 1222 1305 trahit)
1295 1266 1300 1268 ·

219 1312 342 1362 recte
365 1314 683 1393 perficiuntur,
722 1315 831 1377 quid
855 1315 900 1361 ni
930 1314 1093 1360 officiat
1114 1324 1225 1359 tunc

218 1380 452 1427 diffensus
443 1383 459 1413 ἓ
483 1376 596 1425 dum
618 1395 732 1425 unus
745 1379 932 1425 alterurn
944 1391 1018 1424 aut
1032 1393 1222 1440 praecur-

216 1462 339 1499 rere,
364 1455 438 1491 aut
461 1443 660 1490 consulto
684 1444 922 1506 praepedire
944 1444 1112 1495 studet,
1149 1452 1225 1488 aut

220 1511 506 1559 aemulatione
524 1526 621 1555 lem
644 1509 866 1563 distrahit,
892 1524 973 1554 nec
993 1510 1147 1570 juvat,
1173 1517 1225 1552 ut

221 1577 325 1624 ideo
348 1593 415 1622 res
450 1574 566 1637 pacis
591 1578 637 1621 ὃς
661 1590 920 1626 armorum,
955 1573 1001 1619 in
1035 1573 1225 1619 deteiius
1282 1599 1283 1602 =

223 1644 392 1690 damno
413 1640 598 1704 regni&
609 1640 824 1702 Principis
840 1650 1034 1714 agantur.
1072 1635 1227 1686 Potius

223 1707 480 1756 consultum
494 1706 546 1752 fit
560 1705 749 1767 Principi
763 1707 972 1752 maximae
985 1705 1226 1767 prudentiae
1269 1703 1299 1760 ’ἴ
1318 1701 1320 1712 ²

223 1775 328 1821 loco
342 1772 561 1826 habituro,
578 1783 628 1818 ut
640 1784 755 1818 ortas
770 1772 936 1818 civium
952 1786 1228 1834 magnorum
1269 1770 1289 1800 s
1317 1794 1320 1818 ι

226 1839 485 1892 discordias,
522 1836 618 1884 imo
645 1837 800 1900 populi
833 1836 964 1884 etiam
987 1837 1194 1883 diffensus
1212 1869 1226 1889 ‚

226 1917 326 1953 toto
360 1904 501 1950 studio
540 1914 780 1966 componat
812 1919 894 1966 pro
925 1902 1219 1955 authoritate3
1291 1919 1295 1922 ’

227 1970 470 2034 praesertim
492 1970 537 2016 in
556 1969 802 2033 Republica
816 2004 829 2022 ,
853 1969 928 2014 ubi
950 1968 1030 2015 sub
1043 1968 1228 2015 nomine

226 2037 460 2089 libertatis,
486 2035 649 2082 civibus
662 2035 863 2082 nonnihil
876 2034 974 2098 plus
997 2034 1123 2088 licet3
1152 2034 1228 2079 de·

229 2102 387 2166 putatis
411 2101 456 2148 in
479 2118 577 2148 eam
589 2118 685 2148 rem
698 2118 749 2164 p1
751 2101 886 2148 obatae
899 2100 1068 2147 virtutis
1095 2099 1228 2146 mini-

229 2169 350 2224 st1is,
375 2178 497 2215 extia
520 2179 674 2233 privati
686 2167 813 2215 studu
828 2167 1003 2231 culpam
1019 2166 1226 2278 pofitsss·
1182 2169 1227 2213 ὃς

1153 2231 1229 2279 oni
