1320 2490
264 109 353 171 328
391 111 662 155 ANDREAE
698 111 852 156 ΜΑΧ.
891 84 1152 157 FREDRo.
1293 0 1320 186 Ξ

259 212 354 244 tem
389 196 544 243 lassatae
594 198 809 259 Majestati
851 197 1010 245 secessu
1034 199 1256 262 indulgfflt
1300 174 1320 269 {l

259 263 465 325 Princeps
477 297 489 316 ‚
507 265 551 309 ὃς
565 279 661 309 eam
669 264 798 325 juvet
813 263 833 324 (
849 280 905 309 ne
916 265 1129 311 continuo
1140 265 1257 327 aspe-
1288 267 1320 336 ξιξ

262 329 339 374 ἃιι
364 327 604 392 fatigetur)
631 329 1046 392 resumptis'Viribus
1070 331 1258 377 vivacius
1293 337 1320 399 ξ’]

262 410 345 456 pro
391 394 601 458 dignitate
645 394 710 441 sui
753 396 933 457 posthac
953 408 1228 459 operaturam
1244 429 1258 449 ,
1305 396 1320 450 ξ

265 458 402 523 quam
415 473 465 506 ut
475 471 688 523 perpetuo
701 471 869 523 torpeat
889 463 1104 509 occultata
1114 497 1127 516 ,
1152 479 1257 513 nam
1302 409 1320 534 ἓ

266 527 436 589 majore
447 527 498 572 ad
505 526 593 572 huc
607 527 713 573 vitio
727 527 941 574 delitescat
961 530 1007 575 in
1019 528 1167 575 abdito
1181 531 1256 575 Pa·
1302 522 1320 591 'vg

264 591 472 639 latiorum
484 591 642 638 secessu
656 594 860 656 Princeps
873 629 884 650 ,
897 594 1032 657 quam
1047 595 1078 640 fi
1089 594 1264 656 semper

265 658 408 720 palam
422 658 475 703 fit
488 655 624 720 ‚saevae
642 674 698 709 ογ
713 658 886 722 snperbae
901 663 1143 724 cogitationis
1155 659 1264 707 indi-

267 728 372 770 cium
399 721 451 779 el?
469 759 485 779 ,
515 721 658 788 secreto
676 722 745 785 suo
759 722 907 788 satiari
934 761 946 780 ,
991 726 1267 791 ignorabitur
1306 732 1320 745 ³

265 789 472 852 Princeps
488 824 500 843 ‚
537 794 581 837 8<
607 790 696 853 ipse
734 790 884 854 (quid
906 792 1026 839 fafito
1046 808 1154 855 opus
1178 792 1264 849 fit)

270 856 504 920 ignorabit,
519 872 669 903 curam
684 857 836 921 populi
849 858 1122 923 negligenter
1135 858 1267 905 habe-

270 922 336 967 bit
348 957 362 975 ,
379 939 481 968 nam
496 922 606 985 saepe
618 925 664 969 in
676 923 824 969 fronte
835 924 1017 970 suorum
1055 924 1075 987 (
1088 925 1190 971 licet
1202 936 1262 971 ta-

272 999 396 1034 ceant
409 987 429 1034 l
446 988 590 1054 legere
602 989 742 1036 multa
751 992 890 1053 potest
902 1026 914 1044 ,
930 990 962 1036 fi
976 991 1118 1037 videat
1129 1025 1142 1044 ,
1165 1002 1266 1037 tum

269 1054 459 1119 populus
482 1054 751 1103 refovebitur
771 1056 946 1119 aspestu
972 1057 1181 1120 Principis
1197 1091 1210 1110 ,
1233 1055 1267 1102 fi

272 1120 491 1175 videatur,
515 1137 658 1184 neque
680 1120 780 1169 ideo
793 1139 850 1168 ex
871 1139 981 1170 vano
994 1139 1177 1170 rumore
1196 1132 1271 1168 aut

270 1186 557 1235 delationibus
567 1187 790 1234 servilium
804 1189 1066 1236 libertorum
1081 1224 1094 1243 ,
1109 1190 1163 1236 de
1173 1204 1270 1251 per-

273 1251 391 1299 sonis
405 1257 449 1300 &
462 1253 590 1300 rebus
606 1254 823 1316 judicabit
837 1290 850 1309 ,
876 1255 949 1302 sed
972 1271 1119 1302 revera
1140 1255 1269 1309 fciet,

276 1335 423 1381 neque
457 1320 585 1366 unius
619 1319 825 1382 alteriusq
833 1338 886 1367 ue
918 1321 1075 1367 blanda
1117 1321 1269 1383 saepius

276 1382 413 1447 quam
428 1401 526 1430 vera
546 1385 767 1447 loquentis
793 1386 959 1432 clientis
971 1398 1123 1449 agetur
1136 1387 1181 1431 in
1193 1385 1267 1432 ad-

273 1450 450 1496 versum
462 1449 646 1498 versutia
659 1484 670 1504 ‚
694 1450 766 1496 sed
780 1448 802 1497 εἴ
815 1451 966 1498 multis
980 1452 1122 1498 multa
1134 1455 1178 1498 &
1196 1467 1269 1497 ve-

275 1517 390 1562 riora
402 1515 547 1569 discet,
562 1519 757 1563 neminem
772 1533 902 1565 omnes
912 1516 1152 1578 fefellerunt,
1168 1517 1273 1562 hinc

278 1582 386 1646 quid
400 1582 445 1628 in
469 1581 611 1628 limite
645 1594 798 1646 agatur
821 1617 834 1637 ‚
871 1582 1009 1646 qualis
1034 1583 1089 1629 de
1124 1583 1247 1629 hoste
1260 1616 1273 1635 ,

277 1660 438 1712 quanta
452 1648 505 1694 de
515 1647 598 1694 suis
612 1647 759 1694 fama?
773 1665 871 1712 quae
891 1648 1044 1712 populi
1057 1649 1247 1712 preffura
1259 1682 1273 1702 ,

277 1726 351 1761 aut
360 1731 438 1778 per
449 1714 733 1761 tribunalium
741 1715 961 1777 justitium
976 1750 987 1769 ‚
1000 1728 1075 1762 aut
1085 1731 1163 1778 per
1175 1732 1275 1762 exa-

281 1782 458 1826 c‘torum
483 1780 705 1843 avaritiam
744 1785 766 1827 ?'
807 1782 930 1845 quod
952 1782 1006 1828 fit
1031 1782 1273 1828 meliorum

279 1847 444 1893 civium
468 1848 512 1893 in
526 1846 570 1893 se
587 1850 799 1911 Remque
811 1848 1030 1910 publicam
1044 1847 1238 1911 studium
1252 1851 1272 1894 ?

279 1929 371 1959 non
383 1930 463 1975 pro
476 1907 859 1961 affestu'clientum
873 1949 885 1968 ‚
912 1914 1172 1960 libertorum
1189 1949 1200 1967 ,
1210 1915 1275 1976 ja-

281 1979 479 2025 nitorum
497 2018 511 2036 ,
523 1979 567 2024 in
583 1980 664 2026 hos
679 1992 754 2026 aut
766 1980 879 2033 illos,
894 1977 1055 2027 verum
1068 1979 1157 2043 ipse
1169 1997 1273 2026 ocu-

279 2043 637 2108 lisfi1is,ide6que
650 2044 788 2109 probe
803 2046 950 2101 discet5
967 2046 1083 2093 Alias
1098 2046 1130 2091 fi
1145 2047 1189 2092 in
1202 2062 1277 2092 oc-

281 2109 403 2156 culto
415 2122 584 2173 torpeat
595 2147 607 2165 ‚
630 2113 819 2174 pupillus
834 2113 976 2159 verius
991 2115 1034 2160 &
1048 2114 1180 2159 statua
1191 2111 1280 2176 ipse

282 2176 423 2241 'Regis
438 2213 454 2234 ,
476 2176 549 2225 ille
571 2176 677 2229 vero
692 2178 860 2227 clientis
873 2178 951 2226 sub
977 2180 1160 2226 nomine
1176 2181 1279 2226 Rex

1172 2262 1272 2292 vere
