1320 2490
214 96 457 141 SCRIPT.
503 96 909 143 FRAGMENTA.
954 109 1075 158 *359

79 188 128 232 ἓξ
142 184 309 231 occafio
322 184 558 248 sequentis.
595 187 792 234 Nullum
815 184 921 232 vero
935 200 1078 231 reme-

82 252 209 297 dium
222 267 426 298 errorum
439 253 653 299 efficacius
668 253 757 298 dari
771 253 925 315 potest,
940 266 1079 315 quam

75 317 208 381 sponte
231 314 398 379 ceffare,
425 318 552 364 facile
563 318 718 382 utique
739 319 968 380 inceptum
981 332 1079 363 cor-

82 383 326 446 r1gas‚ni11
351 400 490 430 errare
506 401 685 462 pergas,
713 400 804 429 non
830 378 958 429 euius
974 382 1081 428 alter

82 449 224 495 exitus
242 451 334 512 ejus
357 449 460 503 viae,
487 466 627 512 quarn
653 448 789 496 cadere
813 451 884 495 est.
934 447 1082 494 Fallax

81 529 241 561 eorum
276 515 410 569 ratio,
447 516 526 578 qui
548 532 631 578 pro
654 515 863 560 obstinata
887 513 1050 560 malitia
1065 546 1079 566 ,

82 595 250 626 enores
284 579 504 627 erroribus
538 581 724 627 tuendos
749 581 935 632 v,olunt
970 575 1083 625 cum

44 643 233 709 ¹‚potius
253 645 558 708 labyrinthum
570 646 650 692 fibi
685 647 872 692 nectunt
892 644 1084 706 inexpli-

7 738 11 743 ·
81 710 296 765 cabilem,
313 723 387 758 aut
398 712 569 759 cudunt
579 723 804 765 catenam,
828 711 1004 775 ligando
1015 709 1083 756 sui

82 779 130 830 &
154 777 428 824 involvendis
461 778 589 824 rebus
616 776 671 824 εὸ
704 776 1083 824 accommodatio-

85 858 214 897 rem,
238 841 333 906 quo
346 842 525 907 longior
535 844 726 916 repetitis
739 843 931 889 nectitur
943 857 1084 888 annu·

81 906 134 954 lis
148 941 162 961 ‚
199 924 338 970 quam
356 908 611 955 breviorem
634 909 788 972 utique
809 909 895 955 effe
915 907 1085 970 praesta-

79 984 174 1027 ret,
200 972 412 1020 solvendo
423 986 497 1020 aut
506 974 813 1037 abrumpendo
824 973 1085 1021 faciliorem.

80 1007 330 1118 Qidam
308 1056 334 1085 e
355 1038 494 1104 vulgo
505 1039 889 1103 perseverantiam
874 1056 925 1085 m
936 1054 1086 1084 errore

80 1100 194 1152 falso
209 1105 497 1152 constantiam
514 1119 698 1160 vocant,
736 1121 846 1153 cum
870 1122 919 1152 ea
936 1101 1090 1168 potius

79 1170 294 1218 obstinata
315 1171 483 1220 malitia
495 1173 573 1228 fit3
612 1174 770 1220 ceffare
791 1170 949 1220 deinde
959 1171 1013 1221 ab
1031 1187 1091 1220 eo

81 1238 209 1302 quod
233 1238 409 1286 malum
441 1238 563 1287 factu
590 1239 958 1304 deprehenditur,
994 1257 1090 1286 non

82 1305 234 1352 levitas
260 1307 347 1359 est,
383 1305 456 1353 sed
480 1305 630 1370 potius
653 1309 792 1354 virtus
806 1340 820 1361 ,
859 1305 993 1355 &fibi
1004 1321 1088 1368 po-

82 1371 215 1418 tentis
238 1371 378 1418 animi
410 1372 621 1436 iignum,
655 1374 734 1436 qui
756 1389 849 1419 non
880 1372 1092 1434 abripitur

82 1435 274 1491 affestu,
305 1437 379 1484 sed
398 1437 694 1485 dominium
682 1455 729 1485 m
756 1455 914 1485 omnes
945 1437 1090 1484 habet.

85 1503 174 1549 Sed
194 1502 376 1550 tandem
399 1515 451 1550 ut
463 1504 757 1568 particulatim
774 1504 977 1567 quaedam
992 1519 1088 1549 me-

84 1585 295 1624 morem,
331 1569 442 1616 seu
430 1586 478 1615 1n
490 1569 813 1634 profundendis
827 1569 974 1615 ultra
962 1585 1089 1615 mres

84 1635 264 1680 frustra
253 1646 441 1697 inceptas
456 1634 673 1696 expenfis,
685 1629 784 1681 seu
773 1651 818 1681 ιη
829 1634 1090 1681 continuan-

83 1700 149 1746 dis
163 1699 337 1747 offensis
362 1701 560 1753 mutuis,
588 1700 765 1748 ceffatio
788 1700 929 1764 magis
952 1717 1091 1763 quam

85 1765 400 1828 perseverantia
419 1766 614 1813 securior
627 1768 685 1812 est
698 1801 712 1820 ‚
725 1767 909 1813 velutin
922 1767 1089 1813 charta-

87 1847 195 1878 rum
214 1832 313 1880 lusu
327 1867 341 1887 ,
366 1834 465 1896 plus
479 1833 616 1896 profit
640 1832 922 1880 infortunatis
935 1830 1090 1878 lusori-

86 1897 169 1945 bus
204 1900 402 1953 cefl‘atio,
440 1897 578 1963 quarn
610 1910 661 1945 ut
679 1915 762 1961 pro
785 1898 1090 1960 recuperandis

86 1965 252 2011 amissis
287 1965 561 2013 insolentiori
594 1965 692 2011 lusu
716 1969 762 2012 δεῖ
795 1963 955 2011 affectu
977 1963 1091 2010 abri-

87 2032 290 2093 piantur,
316 2035 360 2083 &
383 2033 555 2096 reliquu
561 2048 608 2077 m
635 2032 758 2094 quod
780 2031 969 2095 superest
989 2046 1088 2092 per-

88 2096 229 2143 dant:
267 2100 384 2145 Item
408 2099 441 2145 fi
469 2098 586 2145 haud
619 2095 739 2144 recte
774 2098 822 2144 in
856 2097 1093 2143 consilium

87 2162 256 2226 prolata
273 2163 492 2222 advertas,
519 2181 596 2212 coi
599 2181 618 2209 1
621 2164 693 2228 ige
708 2166 753 2212 ὃς
768 2163 952 2212 meliora
972 2162 1093 2208 dein-

582 2228 702 2296 Qg
967 2244 1095 2293 ceps,
