1320 2490
194 106 288 161 246
323 100 597 146 ANDREAE
632 96 787 142 MAx.
825 96 1086 143 Fnznno

188 187 261 232 est.
301 187 411 231 Non
445 181 762 229 succensuerim
791 181 973 243 quidem
993 182 1188 229 istorum·

188 241 422 296 1ationib‘us
436 281 450 301 ‚
467 248 651 293 habeant
662 247 753 293 illas
766 246 872 300 fibi,
895 246 967 292 sed
978 263 1059 308 pro
1081 264 1178 294 mea

188 326 310 377 palte
322 313 450 377 quid
440 330 486 359 m
501 329 547 359 re
558 312 766 365 sentiam,
779 312 966 373 aperiam
979 328 1060 374 pro
1072 329 1176 359 con-

186 379 361 426 scientia
373 399 386 433 3
423 379 550 442 Qid
574 378 694 424 enim
720 395 773 425 eo
786 377 928 431 ῖαᾶο,
957 378 1036 425 nifi
1060 378 1179 425 sum-

190 462 292 491 mus
303 444 571 491 Dominatus
585 443 674 489 fine
685 443 809 490 sensu
831 443 1078 506 &specioso
1102 443 1180 490 sub

189 510 321 557 titulo
335 511 542 572 in‘Remp
549 509 736 555 ublicam
751 509 994 562 invehatur,
1011 510 1063 555 ad
1074 526 1177 572 pau-

189 592 327 622 elores
363 574 634 621 devolvendo
666 576 921 637 potestatem
950 574 1180 636 Reipubli—

192 657 253 687 cae
268 675 280 694 ‚
304 652 354 686 ut
374 640 531 685 senfim
557 642 764 702 Equester
796 641 906 686 ordo
930 640 1182 686 excludatur

193 706 247 751 ab
269 705 348 751 usu
374 705 689 759 confiliorum3
727 721 830 752 nam
853 706 950 751 alias
973 705 1180 767 Principis
1242 732 1247 735 ,

194 772 395 832 Majestas
409 805 422 825 ,
449 771 562 816 inter
584 771 805 832 pauciores
827 770 1000 817 liberius
1024 772 1068 817 in
1084 787 1180 819 rem

188 835 474 883 suamtotum
487 849 583 900 agat
597 839 895 899 &assequatur
907 871 918 890 ,
944 836 1181 899 praesertim
1235 848 1237 851 '

182 900 301 959 'cum
326 919 379 948 ex
390 902 672 948 diuturnitate
682 903 789 948 ratio
813 906 1043 964 &tempus
1066 901 1181 948 ades-

176 964 252 1024 *set
265 1003 277 1020 ,
292 979 366 1014 aut
379 968 501 1030 quod
513 968 668 1014 exinde
678 967 870 1030 sequitur
883 1001 895 1020 ,
923 967 1078 1013 habere
1091 970 1180 1013 Co·

191 1033 317 1079 mitia
343 1033 474 1086 nolit,
508 1050 605 1095 quae
630 1033 717 1079 sola
738 1045 811 1079 aut
825 1033 930 1096 quid
953 1034 999 1078 in
1024 1032 1179 1080 melius

188 1098 448 1151 fieridebeat
459 1115 604 1161 parare
615 1100 791 1161 possunt
802 1133 816 1153 ,
842 1110 915 1145 aut
926 1098 958 1144 fi
972 1116 1070 1161 quae
1084 1115 1179 1144 cor.-

190 1164 455 1226 ruptasunt,
482 1165 534 1210 ad
559 1166 787 1211 Normam
808 1165 1046 1217 reducunt,
1071 1162 1180 1210 cum

117 1283 123 1290 Ι
191 1232 402 1283 Senatus,
434 1242 590 1293 totque
622 1230 806 1293 delegati
849 1230 1180 1276 Provinciarum

189 1296 424 1341 confluunt
436 1333 450 1351 ,
473 1308 522 1341 ut
536 1293 559 1340 ἐι
569 1296 775 1358 gravitate
787 1295 953 1341 confilii
967 1330 983 1348 ,
1007 1299 1050 1342 &
1068 1294 1178 1340 fidu-

126 1381 149 1400 .-
189 1360 253 1404 cia
274 1376 327 1404 ex
342 1376 529 1406 numero
545 1394 557 1412 ‚
583 1361 703 1422 quod
726 1361 771 1405 in
784 1378 879 1406 rem
902 1361 954 1406 fit
972 1372 1120 1421 petant
1133 1363 1178 1406 ὃς

186 1425 488 1486 assequantur,
513 1436 586 1470 aut
609 1423 733 1469 facile
760 1425 927 1470 obstent
963 1429 981 1484 <
996 1441 1075 1486 pro
1097 1442 1175 1486 po-

187 1486 323 1534 'tentia
332 1489 576 1546 clientum)
605 1489 636 1534 fi
652 1489 747 1535 alias
760 1490 804 1535 in
817 1489 1041 1535 summam
1056 1501 1175 1562 pote-

187 1555 341 1600 statem
352 1571 417 1600 res
429 1553 661 1600 insolenter
671 1556 909 1601 trahantur
919 1555 1060 1606 Adde,
1077 1555 1178 1617 quia

187 1636 281 1665 non
302 1631 395 1665 tam
419 1618 544 1665 facile
568 1619 764 1682 respectu
787 1630 929 1665 metus
950 1632 1024 1665 aut
1032 1631 1178 1683 gianae

186 1685 310 1730 flecti
332 1697 429 1731 tum
455 1701 551 1730 cori
556 1686 675 1746 umpi
699 1686 900 1746 possunt,
930 1686 1040 1731 dum
1066 1702 1182 1731 unus

185 1750 410 1796 alterum
398 1767 442 1795 m
458 1767 510 1796 eo
527 1767 713 1796 numeio
753 1750 775 1812 ζ
785 1751 898 1796 testis
924 1750 1024 1797 fidei
1047 1763 1176 1813 atque

186 1816 376 1872 virtutis)
392 1815 748 1877 circumspiciunt
760 1850 774 1869 ,
788 1828 890 1862 tum
900 1815 1172 1879 ipsatempo-

187 1881 245 1925 ris
269 1881 447 1927 brevitas
471 1882 611 1928 multa
639 1881 818 1927 suaviter
842 1882 953 1927 inter
989 1882 1176 1928 aemulos
1235 1881 1239 1884 ”

185 1946 340 1991 recidit
353 1950 395 1992 ὃς
412 1947 648 1993 concordat
662 1982 673 1996 ,
699 1944 836 2010 qudm
852 1947 883 1992 fi
895 1947 993 1993 alias
1007 1963 1060 1993 ex
1074 1964 1168 1993 mo-

182 2026 231 2056 ra
244 2010 489 2057 factionum
505 2015 549 2058 ἃ
562 2013 872 2075 corrumpendi
885 2013 1040 2058 adeffet
1050 2029 1173 2060 occa÷

185 2075 265 2129 fio3
283 2078 455 2123 Tamen
467 2078 620 2140 utique
626 2078 859 2124 interstitio
869 2078 1177 2125 Comitiorum

185 2157 277 2189 non
288 2142 577 2208 negligentius
592 2143 774 2193 habetur
783 2144 954 2209 publica
965 2161 1045 2199 res,
1059 2144 1177 2191 adest

1054 2209 1178 2257 enim
