1320 2490
252 137 494 182 Sexum.
537 133 941 184 FRAGMENTA.
1015 155 1101 200 231

119 218 169 265 τὸ
198 219 318 265 Deus
342 220 564 282 optimus,
594 220 646 265 ad
669 219 778 265 illud
789 221 966 268 culmen
979 222 1108 271 ratio-

116 286 183 331 nis
196 286 386 331 evexerit
397 321 410 339 ,
435 298 485 332 ut
496 301 573 346 per
584 302 738 332 omnes
752 287 789 348 ej
797 304 844 332 us
856 298 996 348 partes
1007 304 1101 336 ver-

115 351 226 397 satus
250 351 328 404 fit,
363 368 468 398 eum
495 351 840 398 inaestimabilem
863 365 1018 400 vocato
1039 354 1104 399 vi-

45 468 47 472 *
115 433 230 462 rum.
258 418 411 464 Nemo
425 430 573 463 tamen
586 418 639 464 ab
652 417 759 463 orbe
781 418 962 464 condito
975 419 1105 473 ani

42 540 43 543 Ἰ
111 484 277 529 ratione
298 483 516 546 perfec-:tus
530 519 544 538 ,
576 483 649 529 sed
671 498 777 528 eum
798 483 953 545 utique
975 500 1103 531 voca-

43 544 45 547 ’
113 565 214 596 mus
226 548 477 611 perfestum
490 581 503 602 ‚
518 549 596 612 qui
610 546 759 594 minus
771 564 827 594 ex
837 549 1104 612 imperfecsto

110 613 254 661 habet.

174 681 319 727 Etiam
335 679 380 726 in
405 679 595 727 Cicerone
608 677 894 740 desiderabatur
906 675 1105 740 Constan-

105 748 166 793 tia
180 783 197 802 ,
220 749 264 793 in
297 746 456 793 Catone
485 745 718 793 Moderatio
756 748 774 807 (
787 745 905 792 utait
921 745 1099 810 Seneca)

106 811 171 857 uti
198 810 298 858 vere
325 812 483 859 Cicero
504 811 594 857 hoc
617 823 691 857 aut
711 810 820 857 illud
855 812 1100 873 appetendo

106 888 180 922 aut
191 877 409 924 suadendo
421 877 652 939 aliquando
665 893 761 922 rem
773 877 963 923 turbavit
975 898 988 932 5
1013 880 1097 925 Ca·

104 953 152 988 to
165 940 269 989 ver&
282 959 359 1004 per
382 943 728 988 immoderatum
753 942 950 1005 rigorem
964 977 978 997 ,
1001 959 1098 1005 per-

101 1007 214 1054 didit
249 1011 505 1054 Romanam
552 1008 895 1071 Rempublicam
911 1029 924 1063 3
973 1007 1099 1057 Cum

103 1074 225 1120 enim
237 1073 331 1120 solo
344 1074 504 1120 intuitu
517 1074 586 1135 cuj
594 1073 745 1119 usdam
759 1073 956 1136 speciosae
970 1074 1097 1137 justi-

103 1140 173 1185 tiae
186 1143 231 1186 &
242 1156 357 1186 caeco
369 1156 520 1186 amore
531 1139 700 1185 virtutis
716 1173 729 1192 ,
763 1140 980 1186 ardentius
999 1157 1094 1188 ma-

100 1205 170 1268 gis
193 1222 329 1268 quam
353 1205 591 1252 consultius
615 1217 792 1269 urgeret
812 1205 1093 1270 compescen·

102 1271 213 1316 dum
224 1271 397 1336 Julium
423 1270 665 1324 Caesarem,
689 1287 826 1333 quem
850 1272 1093 1346 potentissi-

101 1351 179 1382 me
202 1348 423 1384 armatum
446 1371 459 1390 ‚
503 1347 591 1384 erat
615 1336 733 1398 quast
758 1336 1060 1409 imposfibile
1047 1354 1094 1384 m

97 1403 299 1448 ordinem
312 1403 533 1466 redigere,
555 1401 790 1447 armando
778 1417 825 1447 m
837 1418 942 1449 eum
957 1406 1093 1449 Pom-

95 1468 251 1531 pejurn
267 1502 282 1521 ,
311 1471 355 1515 &
371 1466 503 1514 simul
515 1467 736 1513 incitando
751 1470 962 1515 Senatum
977 1503 990 1521 ,
1004 1469 1090 1530 pri-

98 1531 179 1579 m&
207 1532 404 1580 civilibus
417 1532 809 1595 turbisimplicuit,
836 1535 1091 1580 moxliber-

95 1611 234 1645 tatem
248 1599 520 1661 Reipublicae
535 1633 547 1652 ‚
572 1598 784 1661 suamque
805 1598 1015 1645 subvertit
1026 1600 1093 1646 vi-.

95 1676 203 1711 tam.
232 1666 307 1710 Ne
328 1667 449 1710 Deus
473 1663 576 1709 ver&
601 1663 689 1725 ipse
713 1698 725 1716 ‚
752 1664 969 1710 virtutum
993 1665 1095 1712 licet

96 1729 268 1777 severus
292 1729 471 1775 exaC'cor
497 1766 512 1786 ,
558 1730 606 1775 in
628 1729 702 1775 sua
726 1729 886 1774 Divina
909 1730 1090 1786 Politia,

96 1797 248 1843 omnia
258 1795 400 1842 statim
412 1795 466 1841 ad
477 1795 673 1858 rigorem
695 1805 843 1848 vocat,
868 1794 946 1841 alia
969 1796 1091 1843 enim

95 1859 273 1924 paterne
298 1861 457 1923 parcit,
494 1861 572 1906 alia
596 1860 865 1917 diffimulat,
897 1878 952 1907 ne
985 1862 1017 1908 fi
1042 1863 1090 1909 in

97 1945 144 1975 ea
163 1927 410 1992 frugalitate
429 1927 624 1973 humana
660 1930 678 1987 (
694 1927 765 1974 cui
789 1927 1088 1990 quodammo-

97 1994 156 2040 do
169 2009 307 2040 errare
330 1993 462 2050 licet)
504 1992 555 2038 ad
581 1992 777 2056 rigorem
800 2009 988 2058 quaeque
1010 2010 1087 2040 vo·

97 2059 184 2107 cari
217 2059 322 2106 velit
342 2093 358 2114 ,
408 2059 580 2107 dudum
625 2057 722 2106 orbi
778 2059 1091 2107 intereundum

97 2125 214 2172 esset.

971 2240 1090 2299 IX.
