1320 2490
201 114 231 160 8
312 116 588 160 ANDREAE
622 112 778 156 MAx.
816 110 1068 156 Fnssnno

191 198 347 246 rebus
335 208 600 262 1mponunt
616 194 670 242 eo
682 195 865 275 gravius
869 205 1056 248 nocent,
1083 191 1194 241 licet·

190 281 283 310 non
297 262 516 310 studiose?
543 262 792 325 quidinde?
819 276 926 306 cum
949 272 1098 307 tamen
1110 276 1189 322 per

187 329 536 392 imprudentiam
561 338 746 374 nocent:
786 327 968 372 Interest
992 326 1184 390 Principi

185 395 423 442 confilium
446 394 667 457 capienti,
703 392 895 438 advertat
915 390 1148 455 diligentei
1170 427 1184 447 ,

186 476 429 538 nonquam
442 459 708 522 bonaspecie
729 457 882 520 aliquis
906 469 1075 510 narret,
1111 457 1185 504 sed

191 542 354 589 quam
343 527 395 572 ad
421 537 631 572 eventum
654 524 879 587 proficua,
916 534 966 568 ut
978 524 1183 586 capotius

181 592 407 666 sequatur.
456 594 498 638 Is
535 608 642 655 ergo
678 590 793 636 mihi
830 588 1182 637 consiliariorum

186 658 410 721 optimus,
436 658 514 720 qui
544 673 651 702 cum
664 668 814 701 natura
827 654 1100 716 Reipublicae
1113 638 1200 701 lo-

187 735 362 786 quitur,
377 740 522 787 neque
532 722 643 768 illud
656 722 801 785 quod
789 738 836 766 ιι]
848 721 942 766 idea
954 721 1181 782 optimum

184 791 263 843 fit,
300 790 458 843 infert,
492 789 566 835 sed
590 788 711 851 quod
734 787 867 851 genio
891 786 1043 849 populi
1059 787 1179 833 &rei

146 904 164 908 ,
185 867 348 902 naturae
363 855 595 908 convenit,
622 854 772 900 fierive
794 853 926 916 poffit
951 869 1176 915 exequen-

182 922 268 974 do,
282 921 489 985 iuggerit.
505 920 735 993 Qiaiiter
747 918 1043 965 consuluerit?
1067 918 1177 964 scio-

182 987 251 1033 lus
263 987 336 1032 ille
349 987 578 1040 mih1,aut
589 1003 744 1049 igneus
757 985 834 1039 fit,
849 1002 876 1030 v
865 984 1015 1030 entofi
1034 984 1178 1031 homo

183 1052 390 1116 ingenii,
423 1022 635 1114 speciem²³
634 1051 839 1104 rationis,
875 1066 967 1096 non
991 1050 1087 1095 vim
1099 1050 1177 1095 ha-

182 1117 314 1170 bens,
342 1121 386 1164 ὃς
411 1117 573 1163 sonum
596 1132 748 1162 rerum
771 1127 943 1195 captans
958 1131 1050 1161 non
1061 1132 1175 1178 pon-

181 1183 288 1237 dus,
314 1184 523 1229 novandis
547 1180 694 1245 potius
718 1199 856 1245 quam
879 1181 1079 1247 gerendis
1107 1197 1174 1227 re-

179 1248 260 1295 bus
272 1249 438 1311 aptior,
475 1248 552 1312 qui
576 1259 750 1294 tantum
773 1247 879 1310 sapit
901 1263 957 1293 ex
980 1263 1057 1292 ore
1068 1246 1146 1293 suo
1160 1282 1177 1301 ,

180 1326 305 1361 natus
330 1327 380 1360 ut
403 1314 623 1361 iententiis
658 1313 848 1360 aliorum
884 1313 1174 1388 contradicat,

182 1380 382 1426 adversus
394 1381 556 1443 peritos
568 1379 771 1442 pervicax
784 1380 937 1439 ,cujus
950 1379 1012 1424 vis
1027 1391 1117 1425 tota
1127 1380 1175 1425 in

178 1445 330 1509 lingua
341 1446 418 1492 fita
430 1448 489 1492 est
502 1481 515 1499 ‚
540 1445 831 1508 proponendo
844 1461 935 1490 non
950 1461 1174 1506 exequen-

180 1512 238 1557 do
251 1513 392 1574 aptior
405 1547 416 1566 ,
432 1511 599 1558 consilii
612 1511 813 1574 quamvis
826 1510 992 1574 egregii
1006 1544 1019 1563 ‚
1046 1510 1170 1572 quod

179 1593 270 1624 non
284 1577 373 1640 ipse
381 1577 545 1623 adferat
557 1577 762 1623 inimicus
775 1611 788 1629 ,
802 1592 850 1621 ac
862 1587 912 1621 ut
923 1576 1090 1638 aliquid
1105 1575 1171 1622 sui

177 1643 373 1693 videatur
383 1643 578 1696 adferre,
603 1644 735 1689 etiam
758 1642 876 1688 rasta
889 1652 1172 1688 commutans

179 1713 198 1767 (
211 1709 452 1772 praesertim
475 1710 507 1755 fi
530 1710 583 1755 fit
595 1725 648 1754 ex
661 1708 744 1754 illis
767 1708 875 1753 aulae
885 1707 1170 1769 primoribus,

178 1791 376 1848 quorum
399 1774 609 1822 sententia
631 1792 712 1838 pro
736 1774 1043 1838 magnitudine
1066 1789 1170 1820 mu—

178 1841 290 1887 neris
304 1844 350 1888 &
374 1841 584 1903 opinione
594 1840 818 1904 personae,
811 1812 1042 1886 &multum
1055 1839 1171 1902 apud

178 1923 335 1953 omnes
358 1907 631 1954 authoritatis
656 1907 786 1953 habet
809 1941 824 1960 ‚
868 1922 1031 1969 parum
1055 1921 1172 1951 non-

178 1989 411 2035 nunquam
423 1991 446 2018 a
460 1974 629 2019 ratione
639 1973 780 2019 adfert
793 1972 977 2024 consilii,
993 1974 1038 2018 ὃς
1051 1987 1174 2033 quo-

176 2054 279 2085 rum
292 2038 417 2085 illatls
431 2056 522 2085 non
535 2055 738 2091 annuere,
754 2035 845 2084 iere
862 2038 914 2083 sit
925 2036 1167 2090 offendisse,

176 2120 258 2151 nec
279 2105 445 2152 ratione
468 2105 531 2151 illi
554 2105 774 2158 vincunt,
811 2103 884 2150 sed
907 2102 1170 2150 authoritate

175 2170 265 2219 loci.
285 2169 480 2220 obruunt
503 2171 521 2230 )
579 2137 774 2223 demum³
800 2170 926 2234 cujus
958 2167 1171 2242 sententia·

1024 2245 1166 2285 oratio
