1320 2490
179 109 432 152 Senum.
469 106 545 151 FR
564 119 877 150 A.GMENTA
950 119 1041 165 279

129 195 292 256 Neque
312 210 384 240 eos
401 193 608 240 omittam
623 210 699 257 qni
690 194 831 240 lateri
845 194 1052 256 Principis

0 282 1 287 =
61 253 174 304 dum
197 271 408 322 perpetuo
432 260 624 312 haerent,
662 260 812 306 oculos
835 263 880 307 &
900 271 1049 307 totum

0 346 2 368 ;
59 324 153 385 ejus
173 324 385 371 aflectum
419 326 466 371 in
488 324 531 370 se
554 337 838 372 convertunt:
874 329 1052 397 Ergone

0 417 3 424 ι
60 388 340 436 obliviscatur
354 406 510 436 eorum
525 390 724 452 Princeps
751 407 827 454 qui
839 402 1053 437 remotius

0 481 4 490 ·
59 453 242 500 absunt?
257 456 441 501 modesti
459 457 601 516 potius
613 456 644 501 s
637 468 714 502 unt
727 457 835 501 dum
851 456 1052 502 accedere

48 526 288 573 verentur,
313 520 456 565 vocari
481 536 615 583 quam
640 520 683 565 se
694 519 871 566 morose
897 521 1050 567 obtru-

0 614 6 622 -
61 584 162 630 dere
184 586 382 638 malunt,
418 585 481 631 issi
513 585 621 631 vero
646 585 795 648 saepius
818 585 1050 633 intrusores

56 650 172 705 sunt,
187 649 323 714 quam
335 650 553 714 obsequii
541 668 584 697 in
600 652 850 714 Principem
862 652 1047 714 diligen-

19 751 23 770 2
53 726 146 769 tes,
171 716 360 763 fortunae
384 717 592 779 Principis
609 718 747 781 magis
771 715 908 781 quam
925 719 1048 764 Prin—

0 800 6 831 ;·
56 782 143 845 cipi
155 782 300 829 amici.
329 785 554 829 'Naturam
573 783 676 843 solis
698 783 901 846 sequatur
923 784 1046 830 Prin-

0 867 5 895 t
56 863 182 910 ceps,
221 848 299 911 qui
321 865 412 894 non
432 864 479 893 ea
502 859 674 895 tantum
705 849 930 895 illuminat
949 865 1050 912 quae

0 932 14 958 .’
58 930 197 977 prope
208 913 308 960 sunt
320 949 333 966 ,
347 913 419 960 sed
432 913 689 977 quaesubtus
703 927 862 961 terram
870 916 1019 974 ‘jacent
1033 947 1047 968 ,

0 1018 2 1025 ,
56 979 201 1026 calore
224 980 345 1026 fovet
366 983 411 1026 &
434 980 662 1042 producit,
689 982 819 1027 etiam
846 981 1049 1055 Princeps

0 1072 2 1076 ,
58 1045 273 1092 inomnes
285 1044 408 1119 aeque
424 1045 660 1108 propensus
674 1046 741 1099 fit,
756 1058 848 1092 tam
859 1047 1048 1109 quipro-

57 1126 139 1174 pe,
154 1128 289 1174 quam
302 1110 690 1176 quisuntalonge,
705 1111 800 1158 imo
812 1112 965 1174 sponte
974 1129 1048 1158 eos

56 1177 266 1230 accersat,
313 1177 517 1223 meliores
564 1178 750 1240 negotiis
797 1177 1022 1225 habiturus
1035 1211 1048 1232 ,

58 1259 195 1304 quam
208 1241 352 1288 forsan
365 1242 464 1289 sunt
477 1277 489 1295 ,
522 1259 600 1306 qui
589 1243 706 1290 alias
718 1242 856 1306 specie
865 1243 1050 1307 diligen-

57 1308 128 1353 tiae
152 1308 305 1370 sponte
328 1307 649 1364 obtruduntur,
669 1325 761 1355 non
783 1310 884 1371 quia
896 1325 1050 1370 prorn-

56 1374 218 1436 priores
241 1373 479 1435 obsequio,
522 1373 595 1419 sed
621 1373 723 1436 quia
754 1374 970 1420 ardentius
994 1390 1051 1420 ex

57 1455 225 1487 omni
197 1450 377 1500 regorio
400 1438 578 1484 lucrum
590 1450 758 1500 petunt
796 1440 932 1486 Nulla
953 1451 1053 1486 aetas

57 1504 242 1550 sterilis
230 1504 427 1550 viiorum
452 1505 536 1557 est,
561 1504 605 1549 id
630 1503 769 1551 mod&
797 1505 1047 1568 distinguit,

59 1570 171 1616 dum
195 1569 397 1631 Princeps
433 1569 573 1615 bonos
595 1571 735 1615 studio
759 1571 941 1632 quaerit,
977 1583 1050 1616 aut

57 1634 178 1681 {ecus
191 1633 417 1680 eossolum
442 1634 583 1687 videt,
610 1632 949 1697 quieproximo
972 1634 1050 1681 ob-

60 1701 324 1752 truduntur,
352 1716 437 1762 qua
458 1700 625 1745 ratione
649 1700 693 1745 in
705 1699 911 1748 habendis
925 1700 1052 1747 bonis

60 1765 264 1812 ministris
275 1765 373 1826 plus
386 1764 501 1810 casus
513 1776 586 1811 aut
593 1765 714 1818 sors,
742 1782 881 1829 quam
895 1765 1051 1813 eleffio

45 1826 224 1893 potest,
252 1828 445 1893 ideoque
454 1830 604 1892 saepius
615 1830 738 1876 fallit.

125 1897 292 1943 Laudas
305 1896 520 1960 frugales,
535 1913 615 1942 nec
635 1895 842 1960 prodigos
829 1908 940 1943 mter
953 1898 1050 1944 inu-

60 1961 156 2008 tiles
180 1963 484 2008 ministrorum
521 1961 657 2016 habe,
695 1963 804 2008 dum
827 1963 945 2008 enim
971 1979 1051 2024 pro

61 2028 171 2074 luxu
194 2028 290 2089 priv
291 2040 361 2072 ato
383 2027 624 2090 prodigunt
634 2028 731 2081 Γιι3,
755 2028 861 2090 quid
876 2028 909 2074 fi
926 2029 1053 2075 alicui

63 2092 257 2154 specioso
279 2093 427 2149 officio
438 2109 520 2173 pro
532 2093 742 2156 dignitate
761 2094 970 2156 Principis
982 2095 1055 2140 ad

69 2158 321 2207 hjbeantur.
312 2160 327 2191 Ρ
363 2158 460 2205 imo
484 2159 630 2222 potius
640 2176 686 2206 m
699 2175 797 2208 mm
808 2173 980 2272 partenci1
992 2159 1053 2272 file-

981 2242 1008 2272 u
1030 2243 1057 2272 o
