1320 2490
283 159 349 190 22
419 142 696 188 ANDREAE
729 143 886 189 MAx.
925 143 1191 191 FREDRQ.

280 243 330 274 re
342 227 532 290 trepidus
543 244 625 290 pro
639 227 910 275 confiderato
923 263 936 282 ,
961 229 1196 275 audaculus
1206 229 1274 274 in-

281 291 427 339 trusor
449 303 531 355 pr‘o
555 294 755 357 diligenti
780 297 825 341 &
839 292 977 356 perite
1001 294 1179 348 sedulo,
1203 294 1278 340 sed

281 373 383 403 vera
406 374 463 404 ex
473 359 635 404 virtute
656 357 843 422 quisque
864 361 917 406 ad
932 361 1083 406 munia
1107 362 1276 422 Reipu-

282 423 408 470 blicae
430 424 694 478 vocabatur,
731 424 841 470 vidit
863 422 969 472 vero
994 425 1114 473 secus
1137 427 1281 473 nostra

281 500 382 536 aetas
405 488 573 552 aliquos
599 490 872 552 Reipublicae
895 491 1114 538 ministros
1129 526 1141 545 ‚
1166 508 1279 538 vano

283 569 342 601 ex
363 554 563 617 respedtu
599 557 736 602 lectos
761 590 775 610 ,
813 554 951 618 quum
986 573 1100 619 quos
1134 558 1280 604 forsan

282 619 528 668 meliorum
541 620 720 669 fortuna
744 622 1017 686 Reipublicae
1039 622 1087 668 in
1100 622 1280 671 occulto

280 695 441 733 tenuit.

359 770 376 798 ς
390 768 410 813 3
422 749 435 798 Γ
465 753 579 798 Non
592 755 744 817 Reges
757 763 931 799 tantum
943 764 1018 799 aut
1030 753 1248 816 Principes
1262 789 1278 808 ,

279 815 357 864 sed
379 817 575 864 aestimati
597 819 766 882 quique
776 819 823 864 in
837 817 960 864 Orbe
972 819 1052 864 viri
1066 855 1081 875 ,
1105 831 1282 867 caveant

277 883 331 930 in
365 894 580 930 mutuum
625 898 883 931 exterorum
930 885 1107 946 prodire
1141 886 1281 931 collo-

281 948 443 1012 quium
459 984 472 1003 ,
517 950 662 1011 major
684 951 805 996 enim
830 951 1031 1014 Regibus
1053 950 1286 999 admiratio

279 1014 332 1060 in
367 1012 587 1067 absentes,
621 1025 904 1077 contemptus
936 1016 983 1061 in
1019 1016 1249 1078 praesentes
1262 1050 1278 1070 ‚

285 1078 396 1126 cum
409 1079 677 1142 plerumque
686 1079 872 1125 absentia
884 1081 1118 1134 miremur,
1132 1081 1277 1128 laude-

284 1144 477 1208 musque
501 1161 591 1191 non
603 1145 712 1199 visa,
738 1148 786 1192 &
809 1161 947 1192 omne
968 1146 1177 1210 ignotum
1199 1164 1282 1210 pro

286 1209 530 1275 magnifico
543 1211 597 1257 fit
608 1246 621 1264 ,
645 1213 692 1257 in
704 1210 927 1274 praesentia
940 1209 1065 1257 facile
1081 1223 1284 1259 occurret

283 1274 450 1340 aliquid
463 1310 476 1329 ‚
513 1293 606 1322 non
639 1277 906 1323 laudandum
921 1312 933 1331 ,
970 1294 1062 1323 non
1077 1294 1281 1324 veneran-

286 1342 400 1389 dum
414 1376 426 1395 ,
443 1358 533 1388 non
544 1344 784 1388 amandum
800 1377 812 1395 ‚
840 1360 930 1389 non
941 1343 1191 1392 timendum
1207 1379 1221 1398 ,
1234 1355 1285 1391 ut

284 1405 389 1454 vere
413 1407 581 1454 dicatur
598 1427 606 1454 :
623 1468 637 1473 'r
656 1409 830 1468 Minuit
852 1407 1069 1473 praesentia
1089 1408 1281 1470 famam:

288 1476 364 1519 De
382 1474 483 1519 loco
496 1473 636 1520 oritur
648 1486 870 1525 certamen
883 1509 898 1528 ‚
937 1475 1055 1521 unde
1079 1475 1111 1520 fi
1125 1473 1247 1521 cedas
1263 1478 1282 1521 ?

287 1539 561 1601 superiorem
596 1539 792 1602 agnoscis
817 1573 831 1593 ,
859 1539 900 1585 fi
946 1540 1082 1602 capias
1128 1541 1283 1586 locum

289 1606 411 1668 prior
425 1608 441 1650 ?
456 1602 548 1650 fere
563 1603 756 1652 offendas
768 1639 782 1659 ‚
800 1617 908 1651 tum
921 1622 978 1651 ex
991 1607 1279 1668 comparatio-

289 1687 348 1717 ne
369 1670 543 1734 parium
567 1670 849 1733 personarum
873 1671 997 1733 plura
1022 1671 1066 1716 in
1080 1683 1282 1717 contem-

290 1747 423 1799 ptum
446 1735 561 1783 trahi
573 1737 763 1798 poffunt.
803 1738 913 1783 Non
936 1736 1282 1783 fortunatusta-

291 1802 375 1848 roli
398 1802 664 1864 Burgundiae
686 1802 824 1847 Ducis
839 1818 945 1848 cum
957 1803 1176 1850 Friderico
1187 1805 1281 1849 Im-

292 1880 492 1931 peratore
515 1868 767 1931 congreffus
790 1867 876 1913 fuit
899 1872 943 1915 ὃς
957 1869 1148 1914 aliorum
1182 1867 1272 1930 pas-

293 1932 379 1979 fim
394 1967 406 1986 ,
433 1950 544 1996 quos
559 1933 758 1997 ,longum
773 1932 891 1980 foret
913 1933 1145 1980 recensere.
1183 1933 1281 1980 Nifi

293 1996 410 2044 forte
422 1998 500 2044 vfiat
512 2000 762 2062 congressus
775 1998 900 2061 interj
907 2000 1006 2045 esto
1031 1999 1220 2046 flumine
1236 2002 1284 2046 &-

291 2062 428 2126 sepim
435 2074 537 2111 ento
550 2100 565 2120 ,
585 2076 685 2109 tum
698 2080 750 2127 eo
762 2076 963 2127 apparatu
977 2080 1113 2127 quem
1125 2064 1281 2128 sugge-

293 2130 351 2176 rit
375 2129 582 2193 Philippus
608 2128 836 2176 Cominaem
864 2135 882 2191 (
895 2129 1006 2176 libro
1033 2131 1110 2174 Vt
1139 2133 1282 2177 Com·
1308 2187 1309 2190 Ἰ

296 2206 482 2249 mentes.
499 2195 519 2254 )
535 2252 543 2260 ι
559 2196 867 2260 de[congreffu
908 2195 1112 2247 Ludomi
1133 2197 1284 2250 Gadiae
1304 2195 1310 2251 3
