1320 2490
226 100 454 143 smum.
494 96 879 142 FRAGMENTA.
960 111 1054 154 109-

59 197 217 228 eorum
229 181 493 228 testimonio.
519 183 636 242 Qiae
650 180 752 228 vero
766 180 920 227 merita
930 178 953 226 ὲ
963 180 1055 226 sola

59 260 365 294 memorantur
410 245 529 294 reste
565 246 789 293 faetorum
823 247 1026 293 mercede
1040 279 1053 300 ,

60 310 195 376 quam
218 313 372 376 procul
385 314 444 360 est
466 313 536 359 illa
558 312 610 358 ab
622 313 795 374 aspectu
816 313 1055 359 oculorum

59 378 235 452 ignota,
260 391 352 426 tam
366 379 520 443 procul
544 378 846 426 abobviorum
870 378 1055 425 aestima·

59 446 181 492 tione
190 445 351 492 futura.

126 512 232 557 Sed
217 528 311 572 Jarn
325 510 463 556 finem
477 509 618 563 faci0,
655 513 699 556 &
725 525 828 556 eum
853 508 1057 555 videlicet
1072 528 1210 580 castro-

38 575 136 637 ⁸qui
161 578 218 622 est
240 576 337 622 finis
352 576 559 622 omnium
583 589 715 638 atque
736 573 835 620 ideo
861 574 967 620 univ
955 574 1048 620 erfi
1070 598 1151 622 rum
1165 586 1241 635 paco

60 640 192 697 belli,
226 654 277 688 ut
309 653 432 688 curet
454 643 563 687 Dux
585 656 814 687 armorum
840 640 1048 701 exemplo
1068 648 1142 678 Μ’·

60 707 320 769 praeiturus,
345 718 557 771 quatenus
583 707 711 753 miles
729 711 863 752 Deum
874 703 1051 768 publice

62 771 204 829 colat,
227 774 348 820 velut
358 771 594 819 authorem
606 771 691 819 suae
701 770 878 819 salutis
866 788 912 818 111
937 771 1028 818 acie
1042 805 1057 826 ,

64 841 110 885 &
135 810 328 886 vidtoriae
351 840 446 900 post
467 838 698 900 praelium3
721 837 967 885 imitaturus
993 837 1058 885 vi-

62 904 307 951 ἀοι-10111111
321 904 571 966 Principem
586 938 600 958 ‚
615 905 693 968 qui
715 904 940 951 matutinis
953 938 967 958 ,
981 920 1057 950 ve-

63 968 349 1033 spertinisque
370 969 568 1034 precibus
592 970 786 1017 militem
800 970 930 1018 suum
941 969 1059 1017 ades-

59 1035 103 1082 se
113 1036 296 1100 cogebat
307 1071 321 1091 ,
335 1035 432 1083 imo
447 1048 586 1084 certos
600 1037 688 1083 dies
702 1037 849 1084 statuit
859 1071 874 1091 ‚
898 1036 1059 1100 quibus
1123 1063 1129 1072 ι

59 1112 312 1148 turmarum
326 1102 578 1177 Cappellani
592 1103 763 1165 praelata
776 1103 968 1166 imagine
989 1118 1060 1149 ca-

62 1168 144 1214 stra
171 1167 368 1222 obirent,
404 1169 498 1242 pios
532 1168 751 1215 sacrarum
785 1169 1060 1215 Litaniarum

19 1282 21 1284 ,
61 1244 208 1280 textus
221 1234 502 1287 concenturi,
514 1233 604 1296 ipse
615 1232 719 1280 ver&
734 1232 892 1280 devote
905 1233 1060 1297 seque·

61 1297 186 1346 batur
198 1303 243 1347 ὃς
254 1301 451 1374 primarii
441 1300 660 1346 militum
674 1298 896 1361 praefeffl,
910 1299 1061 1347 omni-

60 1363 141 1412 bus
166 1365 306 1412 futuri
337 1365 384 1411 in
409 1366 685 1427 exemplum.
724 1364 914 1412 Publicis
947 1365 1061 1412 item

62 1430 349 1477 concionibus
373 1431 610 1477 sacerdotes
634 1431 924 1478 accendebant
938 1431 1059 1477 mili-

61 1508 162 1542 tum
175 1497 370 1550 animos,
393 1496 438 1543 in
452 1496 678 1543 defensam
700 1496 952 1560 religionis,
981 1500 1060 1544 Pa-

37 1553 151 1606 triae
165 1563 532 1624 ,proximorum‚
556 1579 690 1625 opem
703 1563 787 1608 Dei
801 1561 1060 1609 melioribus

60 1627 399 1689 pollicebantur,
427 1628 581 1675 futuro
593 1628 743 1691 piaelio
764 1628 937 1674 animos
951 1644 1056 1674 con-

62 1692 292 1738 firmaturi.
331 1694 425 1740 Vix
455 1694 577 1739 enim
611 1694 900 1746 crediderim,
936 1692 1072 1740 illam-

61 1775 200 1831 quarn
223 1759 496 1820 requirimus
501 1759 726 1805 audaciam
737 1759 945 1805 aliunde
932 1775 1058 1822 lnge-

61 1841 230 1876 nerari,
249 1840 392 1903 quam
419 1840 527 1869 cum
552 1825 772 1870 modestiae
798 1825 1056 1879 &virtutis,

61 1906 155 1936 non
166 1906 194 1933 v
195 1888 270 1935 ero
296 1890 545 1951 rapinarum
556 1890 846 1936 iniuriarumv
847 1907 871 1935 e
894 1890 939 1936 in
951 1906 1056 1952 pau-

61 1972 209 2018 peres,
237 1954 314 2000 fibi
338 1955 463 2001 miles
489 1954 683 2001 conscius
709 1957 780 2002 est.
819 1956 945 2019 Qid
957 1956 1057 2018 plu-

63 2021 151 2066 ris?
183 2021 349 2066 summi
362 2022 674 2083 Imperatores,
697 2020 1057 2085 summiquebel-

11 2113 15 2116 ·
63 2085 215 2132 lorum
225 2086 423 2132 Praefeeci
438 2121 451 2140 ,
477 2086 582 2133 hinc
594 2087 765 2133 causam
789 2091 832 2135 &
847 2104 980 2150 opem
990 2105 1070 2134 ara-

10 2208 13 2210 ,
65 2168 251 2202 morum
264 2151 528 2216 petebant,&
541 2152 587 2199 in
601 2152 689 2200 hoc
699 2152 884 2201 feliciter
894 2153 1052 2201 trium-

942 2218 1063 2283 pha--
