1320 2490
229 124 318 170 372
356 110 633 154 ANDREAE
665 107 822 153 Max.
861 108 1124 155 FREDRO.

224 193 554 257 concupiscant,
589 196 665 259 qui
688 212 779 242 non
801 196 988 259 implent
1005 198 1184 261 gustum
1198 231 1216 251 ,-

226 262 298 308 sed
327 261 472 324 potius
498 263 712 308 morbum
725 275 913 326 augent,
937 262 996 309 sic
1009 263 1213 326 quaedam
1269 288 1272 291 ·

227 338 302 373 aut
327 327 528 391 negotia,
561 340 636 374 aut
655 329 799 374 officia
814 363 826 382 ‚
851 340 924 375 aut
946 328 1104 382 amici,
1139 340 1215 375 aut

226 393 385 456 gradus
411 392 600 440 fortunae
613 394 784 456 placent
796 394 921 441 nobis
946 397 991 442 &
1004 406 1214 457 appetun-

226 471 326 512 tur,
363 475 461 522 quae
483 459 799 507 conducibilius
831 460 885 506 fit
905 477 996 508 non
1030 460 1217 514 habere,
1291 472 1296 475 ·

228 522 364 586 quam
387 524 586 588 adipisci,
614 538 664 572 ut
689 542 736 572 ea
757 526 959 580 fortuna,
985 525 1217 572 infortunii

228 590 329 637 loco
340 590 501 637 censeri
513 592 670 655 poffit,
697 608 801 638 nam
815 605 888 638 aut
900 591 1223 639 inhabilitatem

227 656 384 720 agendi
396 672 478 718 pro
493 657 685 704 nuditate
695 657 857 704 virium
871 658 940 704 ὃ(
928 657 1120 731 ingenii,
1145 666 1223 704 aut

226 721 409 767 taedium
421 722 756 784 perseverandi'
742 739 788 769 m
803 723 927 770 nobis
952 723 1120 786 arguit3
1144 738 1224 769 ve·
1274 723 1291 782 χ’

227 786 295 833 lut
318 786 407 841 illi,
443 788 494 834 ad
512 788 770 850 opinionem
793 788 1105 852 magnitudinis
1111 803 1220 867 pro-

228 851 602 900 fuissetinferioris
627 854 815 901 fortunae
827 855 1013 918 gradus,
1039 870 1173 917 quarn
1188 853 1225 900 fi
1289 883 1292 886 <

225 917 454 965 summam
479 920 685 982 adipuccr
688 931 806 974 etur,
843 920 898 967 de
923 937 1015 984 quo
1035 919 1221 966 Histori-
1290 970 1298 987 ι

227 992 303 1031 c'us
349 983 624 1032 observatum
660 986 869 1049 reliquit:
901 992 1063 1050 Dignus
1110 985 1222 1049 visua!

221 1048 391 1113 fuisset
374 1055 541 1115 tmperio
557 1049 875 1116 nistimperaffit
899 1052 1084 1099 Festinas
1100 1051 1223 1112 (dico
1293 1103 1297 1111 s

223 1115 394 1191 adhuc)
409 1118 628 1165 ardentius
652 1117 857 1165 laborare
866 1134 947 1180 pro
971 1116 1224 1181 depellenda
1292 1139 1299 1150 ν

225 1182 411 1245 injuria,
435 1183 481 1231 id
492 1183 621 1247 super
643 1184 796 1232 omnia
818 1183 886 1231 fac
900 1182 1046 1239 lente,
1071 1199 1152 1231 nec
1176 1194 1222 1230 te
1298 1203 1311 1216 ν

226 1248 408 1298 αξῑεᾶυε
431 1250 560 1297 ducat
571 1250 645 1297 sed
656 1251 794 1306 ratio,
821 1250 1033 1299 nonnulla
1042 1261 1221 1317 tempus
1294 1245 1296 1250 ’

223 1314 367 1371 sanat,
390 1332 489 1380 quae
502 1315 610 1364 ratio
621 1328 696 1365 aut
708 1317 769 1364 vis
781 1333 872 1364 non
883 1317 1023 1379 pofl'et
1033 1351 1048 1375 ,
1071 1327 1147 1363 aut
1157 1314 1223 1361 se·
1294 1349 1301 1356 .

225 1396 303 1428 cus
328 1382 525 1429 remedio
552 1383 802 1437 irritantur,
832 1382 1034 1445 quaedam
1064 1382 1222 1443 injuriae

225 1462 302 1494 non
327 1450 519 1510 tangun't,
548 1446 591 1509 fi
599 1464 673 1494 non
711 1450 996 1510 intedigantur.
1033 1446 1220 1492 Festinas

228 1511 316 1574 (ut
346 1512 481 1559 verbo
506 1513 738 1569 claudam)
774 1514 829 1558 ad
851 1511 1118 1559 mutandum
1141 1512 1220 1557 sta—

226 1589 354 1631 tum,
392 1579 445 1624 ad
469 1578 722 1624 faciendum
756 1578 919 1641 aliquid
944 1578 1055 1623 circa
1079 1590 1121 1623 te
1148 1588 1223 1623 aut
1294 1583 1308 1623 f

227 1654 352 1696 tuos,
377 1644 430 1689 ad
448 1643 748 1707 erogandum,
775 1644 828 1689 ad
841 1643 1141 1696 demendum,
1156 1641 1226 1688 fac
1292 1693 1299 1697 ‚

227 1707 344 1756 lente
361 1742 374 1762 ‚
398 1726 553 1756 omnes
565 1722 704 1772 partes
723 1712 766 1756 &
779 1709 1116 1755 circumstantias
1141 1708 1222 1754 cir-

228 1774 477 1836 cumspice‚
491 1786 566 1822 aut
577 1775 733 1821 deinde
745 1773 961 1821 facturus.
954 1778 968 1808 Ρ
984 1774 1052 1820 fac
1063 1790 1225 1838 urgen-

225 1851 319 1893 ter,
343 1841 572 1894 vivaciter,
599 1856 689 1886 non
714 1839 948 1904 languide,
972 1856 1027 1886 ne
1038 1842 1218 1904 gratian·

225 1903 450 1953 fastorum
471 1906 642 1953 amittas
678 1908 724 1953 &
746 1906 902 1970 agendi
937 1907 1221 1953 venustatem.

228 1972 362 2017 Haec
349 1988 392 2017 in
403 1984 606 2035 prlvat1s
635 1971 742 2046 quid
767 1972 947 2018 dicam
936 1989 980 2018 m
1004 1971 1219 2034 publicis?

229 2035 508 2084 circastatum
523 2035 708 2112 negotiis
733 2039 1036 2091 modeiandis,
1060 2038 1105 2084 in
1119 2053 1219 2100 per·
1291 2077 1301 2083 .

228 2101 368 2157 sonis,
391 2103 599 2165 praemi0‚
613 2116 687 2151 aut
698 2106 857 2166 poena
882 2105 1020 2168 gratia
1044 2104 1111 2150 vel
1124 2119 1221 2167 gra·

231 2167 362 2218 vitate
375 2168 609 2225 habendis,
636 2171 681 2217 in
697 2170 904 2235 eligendis
928 2170 1161 2223 ministris,
1176 2169 1223 2215 in

1121 2251 1223 2299 pro-
