1320 2490
193 97 429 140 Scniv‘r.
466 95 867 140 FRAGMENTA.
943 106 1035 151 141·

38 257 186 339 Quae
224 241 620 330 consideranda
681 250 842 310 circa
881 266 1034 310 recc-

222 348 478 432 ptionem
516 339 842 432 legatorum.

45 502 160 604 H
184 513 361 587 Qstium
410 511 539 586 legati
585 506 798 557 munifice
848 508 1036 555 habendi

36 589 40 601 ⁴
185 578 313 653 (μηδ)
338 576 607 643 magmfice)
633 575 800 656 ‘procul
813 585 961 648 tamen
984 576 1038 620 ab

71 778 137 823 ius
162 777 587 841 magnanimitatem.

110 843 191 889 Uti
212 842 342 908 legati
364 842 550 889 breviter
562 840 685 904 loqui
697 838 856 886 debent
870 872 884 891 ,
911 837 970 884 fic
982 837 1034 884 il-

36 911 41 921 ”
63 908 92 956 's
116 909 302 955 breviter
335 909 519 956 nomine
539 906 748 968 Principis
783 904 1037 967 respondea-

36 987 138 1041 ¹tur,
165 979 210 1023 &
224 975 315 1022 fine
337 974 495 1022 affestu
510 1008 522 1027 ‚
548 990 640 1038 quo
654 973 798 1035 major
813 970 1038 1036 parabitur

43 1042 298 1089 authoritas.
632 1043 635 1045 “

108 1110 220 1154 Non
233 1106 524 1171 permittenda
542 1106 686 1170 legato
709 1102 920 1157 curiofior
943 1104 1037 1150 Re-

35 1176 37 1178 ’
77 1173 119 1220 ni
133 1173 358 1237 inspeffio.
986 1220 990 1224 ,

108 1241 226 1303 Qae
250 1238 449 1302 responsa
479 1238 575 1284 data
600 1235 749 1300 legatis
782 1235 850 1280 vel
884 1250 1036 1298 graves

36 1306 352 1352 {controversias
375 1300 616 1368 periculose
641 1301 767 1347 finire
786 1334 800 1353 ,
834 1300 901 1346 vel
924 1300 1036 1346 bell-a

38 1372 226 1417 excitare
246 1372 441 1433 poffent,
469 1385 560 1415 non
582 1367 683 1414 sunt
700 1366 843 1413 statim
866 1367 1005 1412 danda
1021 1399 1035 1418 ‚

38 1435 197 1483 verum
209 1437 434 1482 trahantur
448 1469 460 1488 ‚
472 1435 634 1498 legatos
646 1433 826 1481 interim
837 1433 1033 1479 detinen-

41 1502 125 1554 do,
151 1518 201 1547 ae
204 1515 276 1563 per
284 1501 374 1568 suos
386 1506 648 1550 internuncios
662 1499 709 1546 de
707 1497 809 1561 fi’rri
816 1503 948 1563 potitos
966 1516 1037 1548 cu-

42 1565 246 1615 rabuntur.

108 1636 190 1679 Per
208 1632 500 1679 Marschalcos
523 1631 631 1679 aulae
651 1633 943 1695 praemonebit
971 1644 1033 1680 ta·

36 1697 126 1745 cite
143 1698 306 1764 legatos
318 1698 520 1759 Princeps
535 1733 547 1751 ,
572 1714 683 1761 quos
694 1700 843 1746 titulos
854 1699 932 1746 fibi
945 1699 1035 1747 dari

35 1764 160 1811 velit.

107 1831 316 1878 Hostium
339 1829 468 1893 legati
493 1845 597 1875 cum
618 1840 888 1878 armatorum
914 1834 959 1879 δε
982 1849 1033 1878 o·

46 1896 108 1958 pti
115 1913 298 1943 morum
313 1896 509 1942 militum
523 1909 658 1942 manu
682 1897 949 1960 excipiendi,
986 1901 1033 1945 δί

36 1962 188 2025 ¹potius
209 1962 287 2008 sub
310 1963 527 2016 tentorio,
553 1960 688 2025 quam
710 1963 756 2009 in
778 1963 962 2010 civitate.

110 2029 317 2075 Hostium
342 2028 490 2093 legatis
513 2028 689 2075 obviam
712 2040 858 2084 eatur,
895 2029 1034 2094 usque

36 2095 95 2140 ¹ad
106 2094 212 2140 fines
227 2109 331 2140 curn
345 2093 517 2141 armatis
528 2094 737 2142 militibus
751 2130 764 2150 ,
789 2107 840 2142 ut
861 2095 939 2142 sub
948 2112 1031 2142 cu-

36 2160 177 2209 stodia
200 2161 332 2208 veluti
356 2160 618 2215 habeantur,
642 2178 787 2226 neque
810 2162 1037 2226 Regiones

532 2229 577 2274 G
617 2245 642 2275 2
890 2227 1039 2292 specu-
