1320 2490
194 124 436 168 SCRIPT.
475 120 886 165 FRAGMENTA.
983 136 1047 180 97

0 203 4 226 ³
48 206 157 253 tiam
192 206 516 268 praeteritorum
541 205 558 262 )
598 220 695 250 rem
721 219 861 267 agere.
946 219 1051 249 uare

0 285 6 291 ·
51 271 290 335 prudentiae
324 271 461 317 Ducis
496 270 549 316 fit
564 271 616 316 ad
630 270 1047 334 erigendos&repa·

2 360 3 367 ¹
52 338 208 384 randos
243 337 426 383 suorum
463 337 660 389 animos,
696 348 748 382 ut
767 337 916 398 primo
940 351 1049 382 con-

0 417 6 445 :
51 404 196 467 gressu
222 419 314 449 non
346 403 556 467 confligat
580 419 687 448 cum
722 402 845 448 hoste
878 402 1056 448 vincere

7 465 16 474 ⁴
54 469 264 515 consueto
278 503 291 522 ,
330 472 373 514 ὃς
399 485 454 514 ex
477 469 695 514 memoria
719 467 945 529 praeteritae
958 467 1053 514 for-

51 547 169 581 tunae
184 535 402 580 audaculo
415 568 429 587 ,
440 533 512 579 sed
525 534 590 578 illi
601 534 761 578 refistat
774 567 787 586 ,
812 545 1053 596 antequam

52 601 127 646 ille
141 602 330 662 impetus
353 599 548 645 hostium
563 601 607 645 δε
628 598 775 644 fervor
794 600 931 646 animi
953 615 1052 645 eva-

0 663 19 698 ='
54 666 223 718 nescat,
260 682 403 728 neque
436 681 543 710 eum
572 664 721 727 primo
744 678 876 712 motu
898 681 1052 729 aggre-

52 731 219 784 dietur,
245 730 401 777 verum
421 728 507 777 sese
530 731 576 776 in
588 731 678 776 acie
697 744 935 793 pruapnter
955 744 1051 777 tue-

53 796 184 844 bitur.
217 798 287 844 Sic
299 797 410 844 dum
424 797 684 859 agnoverint
694 797 760 844 tui
771 798 892 860 poss'e
900 797 947 847 se
957 813 1055 843 non

0 886 2 900 ν
52 863 339 928 confligendo
362 863 552 909 refistere
574 879 622 909 ac
646 863 820 910 defendi
835 898 849 918 ‚
886 864 932 910 in
954 863 1055 910 reli-

8 928 12 936 '
58 945 205 993 quum
218 928 473 994 cogitabunt
510 934 528 991 <
542 929 574 975 fi
587 929 784 977 adversus
797 947 918 977 arma
930 933 974 979 δί
988 930 1056 976 vi-

0 1036 1 1039 ,
52 1012 121 1042 res
134 995 292 1042 fortius
303 995 567 1057 expediant)
590 997 711 1058 posse
722 996 896 1044 hostem
907 997 1023 1044 vinci
1039 1029 1056 1050 ,

52 1059 150 1109 im&
165 1061 299 1109 hostis
322 1060 413 1125 ipse
423 1062 628 1109 demittet
641 1079 696 1109 ex
719 1063 892 1109 audacia
903 1079 1060 1129 aggre-

0 1126 15 1154 Γ
51 1128 198 1175 diendi
212 1163 226 1182 ‚
253 1128 330 1192 qui
341 1128 401 1174 fic
413 1129 557 1191 prima
578 1128 654 1192 spe
675 1129 871 1175 victoriae
883 1130 1061 1177 frustra·

50 1204 138 1241 tur.
154 1195 296 1258 quue
308 1194 494 1241 unicum
506 1195 675 1242 consilii
696 1195 951 1258 suppetebat
973 1199 1062 1243 Fa-

0 1259 15 1295 =‘
51 1258 114 1308 bio
148 1262 359 1308 Maximo
383 1277 465 1323 pro
489 1262 708 1308 Romanis
734 1273 887 1308 contra
913 1263 1057 1309 visto-

52 1343 151 1384 rem
186 1327 485 1383 Annibalem3
512 1328 676 1375 avidius
702 1327 825 1374 enim
849 1328 1056 1391 praeliurn

51 1393 248 1457 poscenti
261 1395 454 1441 Minutio
471 1395 681 1458 magistro
703 1394 908 1457 equitum
921 1392 1056 1440 dixis-

49 1459 95 1506 se
117 1459 286 1513 fertur,
320 1472 371 1505 ut
392 1459 551 1507 lentius
564 1472 734 1525 ageret,
772 1464 817 1509 &
841 1459 886 1507 se
908 1460 1057 1524 potius

0 1536 21 1569 t·
52 1525 337 1571 cunetantem
350 1527 528 1573 Ducem
545 1561 558 1580 ,
583 1525 720 1590 quam
735 1527 1058 1591 Sempronium

57 1590 420 1654 Flaminiumque
458 1597 476 1653 (
492 1592 611 1639 malo
623 1592 736 1650 suo)
774 1605 1054 1656 properantes

55 1655 324 1710 imitaretur,
370 1657 488 1704 haud
509 1675 686 1720 parvam
711 1675 808 1705 rem
835 1660 919 1704 esse
952 1657 1056 1703 infi-

0 1722 12 1746 ·“
55 1738 194 1766 nuans
206 1721 258 1766 ab
269 1721 398 1768 toties
410 1723 579 1770 vietore
588 1724 712 1771 hoste
724 1725 840 1770 vinci
862 1723 1028 1771 defiifl'e
1041 1756 1056 1777 ,

7 1785 19 1823 Γ
57 1790 102 1834 &
118 1784 142 1832 τὶ
154 1787 375 1834 continuis
392 1789 584 1837 cladibus
596 1789 854 1852 refipiscere.

123 1854 528 1900 C11n6tationemne
550 1856 595 1901 in
620 1856 774 1902 ordine
793 1855 895 1902 belli
908 1855 1054 1903 moni-
1071 1879 1217 1920 cunet’a-

0 1936 22 1953 τ·
56 1929 210 1964 torum
224 1919 433 1969 omittam
449 1924 464 1966 ?
480 1919 668 1967 minime
686 1943 698 1976 5
717 1923 934 1969 Velocitas
947 1939 1052 1986 pro-
1069 1936 1119 1971 cio
1130 1949 1219 1987 quz·

3 2003 9 2030 ¹,
60 2001 115 2047 pe
127 1984 418 2032 formidinem
432 2021 445 2040 ‚
482 1988 704 2035 cunctatio
729 1991 910 2051 propius
944 2005 1051 2035 con-
1068 1986 1128 2027 lis.

0 2068 19 2098 2³
58 2051 254 2096 stantiam
266 2053 339 2098 est.
391 2056 503 2099 Sunt
526 2052 629 2101 vero
655 2055 855 2102 nonnulli
868 2057 1055 2103 Ducum

0 2134 24 2164 ’σ
59 2116 222 2163 altioris
245 2118 416 2165 confilii
440 2119 591 2182 inopes
605 2155 618 2175 ,
666 2118 805 2185 quam
826 2134 879 2169 ut
900 2122 979 2168 fibi
1002 2122 1058 2169 ad

0 2204 8 2215 ²
63 2183 394 2232 conficiendum
407 2185 575 2234 bellum
587 2186 682 2235 satis
693 2200 849 2252 putent
861 2223 873 2243 ‚
892 2204 1062 2253 quaere-

563 2255 597 2300 E
635 2269 670 2313 «χ,
981 2270 1071 2308 ιε,
