1320 2490
227 102 915 158 SCRIPT.'FRAGN1ENTA
996 123 1061 170 47

75 196 180 252 Ιῖνεῑ
206 200 361 261 ingenio
388 196 564 248 valeret,
591 193 659 240 νεὶ
689 193 880 241 librorum
909 193 1066 241 leffione

71 262 276 328 quaesz'tdm
300 259 460 309 haberet
471 260 701 336 aliquam
691 259 938 306 madentium
955 289 966 310 ‚
987 275 1065 306 non

74 329 220 376 temer&
236 328 514 375 circumveniri
537 324 692 389 paffet,
726 343 793 372 nec
803 325 859 389 fic
883 325 1068 391 ludifica-

73 394 244 441 tionibus
270 394 437 439 aliorum
464 390 553 453 effen
579 391 796 454 expositus:
832 391 1068 438 Addam&

75 475 174 531 ego
188 458 330 522 Qod
343 457 414 502 illa
424 455 744 505 nonnullorum
757 474 932 504 amoena
943 458 1067 522 inge-

5 559 14 564 -
76 541 146 570 ma
156 524 279 576 sunt,
294 523 413 569 velut
425 522 627 569 moderni
640 520 780 569 saeculi
792 523 886 569 telae
900 539 1064 576 aureae,

73 589 119 635 in
130 589 262 636 usum
286 587 406 651 quafi
429 587 558 634 unius
591 588 675 634 diei
695 589 1065 642 accommodatae,

72 671 172 718 quae
185 670 290 700 cum
312 672 335 700 a
358 652 583 715 superficie
604 653 795 700 nimium
815 653 1066 735 splendent,

70 721 185 767 intus
197 719 441 766 mh11sohd1
454 718 636 772 habent,
657 719 795 766 sedata
805 718 910 766 vero
940 719 1064 784 inge-

70 786 169 841 nia,
206 785 354 833 minus
389 785 572 848 quidem
601 798 821 847 apparatus
833 789 878 832 &
898 785 1062 832 lenoci-

72 852 253 898 niorum
267 851 416 897 secum
428 849 596 904 ferunt,
621 854 664 897 &
677 851 944 914 plerumque
953 868 1062 899 con-

70 915 285 965 sulendo
269 935 292 962 a
306 916 513 980 gravitate
523 916 652 962 tristia
660 915 785 970 sunt,
800 917 872 962 sed
883 918 1062 964 tandem

72 994 231 1030 eventu
242 983 348 1029 laeta
389 980 563 1035 Nosce
599 981 746 1028 Nosce
770 982 969 1044 Princeps
989 982 1061 1029 fu·-

71 1065 206 1102 cum,
221 1052 368 1102 Cave,
381 1050 499 1094 Cave
511 1047 747 1093 coloratam
759 1048 1064 1109 prudentiam,
1133 1095 1143 1097 ⁷,

68 1115 141 1162 cui
176 1114 238 1161 rei
272 1131 329 1161 ex
362 1112 476 1161 facili
498 1112 575 1159 t1b1
584 1113 771 1178 suggessi
783 1114 1058 1170 remedium,

71 1179 241 1228 modo
230 1179 418 1227 imitere.

18 1298 19 1301 Ἴ
138 1262 211 1307 23
273 1248 427 1292 Nemo
476 1247 662 1307 Regum
709 1243 891 1307 111686111
938 1245 1056 1305 capit·

69 1311 444 1373 Rempublicam,
470 1309 542 1354 sed
556 1308 672 1353 effe
657 1325 757 1370 jura
769 1311 942 1370 populis
956 1311 1054 1372 qui-

65 1376 147 1422 bus
172 1375 376 1422 deferunt
407 1390 567 1451 regna,
604 1376 649 1418 &
684 1373 810 1435 super
842 1390 890 1420 ea
917 1376 1056 1436 jurari

65 1441 356 1514 sponderique
368 1436 564 1485 volunt
548 1455 570 1483 a
585 1438 796 1501 Principe.
835 1440 878 1485 Si
902 1438 1054 1487 secure

64 1505 202 1568 igitur
237 1507 282 1551 &
311 1521 366 1550 ex
389 1521 518 1566 aequo
540 1504 753 1577 imperare
775 1505 880 1551 velit
912 1505 1055 1552 bonus

67 1573 197 1623 Rex,
222 1569 374 1632 saepius
399 1585 524 1632 regni
536 1569 621 1614 sui
605 1586 707 1630 jura
717 1569 858 1633 legat,
874 1587 930 1616 ne
941 1587 1055 1617 vano

62 1635 194 1682 titulo
205 1635 461 1699 ignorantiae
474 1647 549 1680 aut
560 1634 792 1685 oblivionis
806 1669 819 1688 ‚
843 1652 889 1681 ez
901 1648 1055 1696 praete-

62 1700 148 1747 rire
169 1712 243 1746 aut
253 1700 416 1746 violare
425 1700 608 1752 audeat,
630 1711 786 1761 praeter
797 1700 919 1747 enim
931 1701 1057 1763 quod

63 1765 243 1811 dedecet
263 1765 514 1827 Principem
526 1765 729 1828 ignorare
740 1781 948 1812 normam
960 1799 976 1820 ‚
999 1766 1056 1813 ad

65 1846 203 1893 quam
236 1829 280 1876 se
309 1830 640 1893 imperiumque
673 1845 944 1893 componere
974 1831 1050 1878 de·

63 1896 160 1942 beat
174 1915 186 1949 3
203 1893 363 1940 verum
376 1895 409 1940 fi
421 1895 467 1941 in
478 1895 625 1957 aliquo
637 1895 878 1942 tranfiverit
886 1908 961 1942 aut
972 1911 1049 1943 ne-

62 1960 300 2033 gligentius
314 1959 514 2007 habuerit
525 1960 689 2024 legem,
704 1962 888 2008 cessante
899 1961 1049 2008 nomi-

62 2043 119 2072 ne
132 2026 297 2098 Regis,
320 2025 475 2089 legum
488 2029 533 2072 &
544 2025 697 2098 populi
720 2029 952 2090 Tyrannus
965 2027 1054 2073 effe

61 2091 238 2152 incipit,
276 2095 322 2139 &
344 2091 400 2137 de
421 2092 540 2138 faito
564 2091 763 2153 perjurus
786 2094 871 2147 est3
909 2091 1051 2139 {Fervet

62 2156 211 2211 mille,
246 2172 383 2205 unam
413 2158 644 2223 negligat,
681 2158 837 2205 endem
868 2155 1050 2268 pell-jurii

578 2225 684 2284 C3
929 2237 1046 2269 icen-
