1320 2490
259 138 315 185 1‘8
385 138 656 184 ANDREAE
692 138 849 184 Max.
887 139 1139 186 Fui-:nno

323 244 393 272 10.
440 226 719 273 Publicarum
787 225 1051 274 Scholarum
1121 227 1241 274 bono

249 292 440 353 Principi
466 291 663 337 maxima
685 307 787 337 cura
797 292 874 345 fit,
898 305 948 338 ut
969 293 1124 340 doetos
1139 295 1238 339 Ma·

242 357 396 420 gistros
410 356 646 420 ferant‚qui
660 356 846 404 honestis
859 357 1020 404 artibus
1032 358 1236 405 imbuant

236 423 523 484 juventutem
556 422 710 485 populi
728 457 743 476 ,
788 423 907 469 unde
961 423 1232 470 consulendo

246 487 519 549 Reipublicae
530 489 731 552 dignitati
758 492 802 536 &
818 489 1063 536 commodo
1086 505 1234 552 paran-

243 554 527 616 turingenia‚
557 555 806 602 &induunt
829 555 1036 600 decoram
1050 571 1235 601 morum

243 619 565 666 humanitatem
581 655 592 672 ‚
619 617 714 666 imo
738 620 912 666 aliunde
936 621 1052 667 viros
1078 621 1235 667 doftos

241 684 431 731 insnum
444 701 635 748 regnum
648 685 905 749 largiorlbus
929 686 1119 748 praemiis
1143 686 1235 732 alli-

239 751 349 803 ciat,
386 750 464 813 qui
486 751 618 797 suum
645 751 888 825 populique
921 768 1119 806 nomen,
1146 767 1237 798 non

241 817 463 863 moritur-o
486 816 654 864 calamo
688 817 734 863 in
759 817 1051 864 aeternitatem
1087 816 1236 863 conse·

239 882 437 929 crabunt.
468 885 658 946 Qaeres
684 883 891 930 subinde.
921 900 976 930 an
1006 883 1140 930 etiam
1152 882 1235 930 ho-

237 949 413 996 nestum
436 965 514 1011 per
526 949 671 995 otium
697 949 947 1012 Principem
970 949 1236 995 leffloniin-

236 1014 418 1077 vigilare
449 1013 682 1060 suadeam?
719 1012 835 1061 certe
868 1015 1083 1078 proloqui
1119 1014 1239 1060 haud

236 1080 495 1142 expeditum
513 1115 525 1134 ‚
547 1079 693 1126 dicam
702 1091 853 1126 tamen
864 1092 915 1126 ut
925 1080 1084 1126 tabulis
1110 1082 1233 1126 Geo-

235 1144 454 1209 graphicis
479 1146 813 1192 Provinciamm
846 1146 1120 1192 immoretur
1153 1161 1236 1207 pro

235 1222 430 1256 accurata
452 1211 605 1257 notitia
651 1227 896 1275 regnorum
910 1246 923 1265 ‚
972 1210 1135 1257 deinde
1170 1214 1188 1271 (
1203 1210 1236 1257 fi

234 1287 412 1339 tempus
423 1276 651 1339 suppetat)
680 1280 706 1342 J
711 1277 857 1323 ulium
870 1276 1089 1324 Caesarem
1106 1312 1119 1329 ‚
1143 1275 1233 1322 Sal-

233 1341 416 1388 lustium
430 1376 442 1395 ,
456 1343 667 1389 Curtium
681 1377 694 1394 ,
707 1354 808 1389 tum
821 1342 1003 1389 Livium
1018 1376 1031 1396 ,
1056 1358 1111 1389 ⁵ac
1122 1342 1236 1388 inter

234 1408 496 1455 recentiores
511 1408 770 1470 Philippum
784 1410 1079 1455 Cominaeum
1092 1407 1234 1471 legat,

234 1473 750 1526 Famianum‘Stradam,
778 1474 1012 1520 Orichovii
1042 1473 1236 1520 Annales

234 1538 415 1601 eiusque
427 1539 623 1586 Fidelem
636 1538 864 1585 subditum
885 1539 940 1584 de
952 1537 1237 1584 Institutione

232 1605 402 1668 Regia,
422 1607 474 1651 &
487 1621 564 1668 per
588 1604 741 1650 omnia
763 1604 1050 1651 domesticam
1068 1602 1238 1666 probati

233 1670 449 1716 Authoris
461 1670 725 1724 Historiam,
743 1669 856 1733 saepe
865 1667 971 1715 vero
985 1680 1087 1715 utru
1097 1684 1236 1731 mque

232 1742 434 1788 Senecam,
450 1735 692 1798 praesertim
704 1735 918 1782 alterum
907 1751 953 1780 1n
965 1734 1228 1780 m01alibus.

230 1802 435 1848 Demum
448 1818 529 1864 pro
542 1802 709 1847 ratione
729 1801 898 1848 virtutis
913 1804 959 1848 δε
983 1799 1235 1846 formandae

230 1867 277 1912 in
301 1867 460 1914 melius
478 1866 796 1921 conscientiae,
831 1866 937 1913 vitas
963 1866 1233 1911 Sanam-um

229 1932 516 2006 Principum,
552 1931 648 1979 imo
675 1932 940 1994 quorumvis
978 1931 1222 1977 Divorum.

228 1999 341 2060 Qo
355 1998 475 2043 enim
489 1999 733 2044 monitorio
758 1999 804 2044 in
819 1998 976 2044 melius
1005 1997 1230 2042 formetur

229 2063 432 2125 Princeps
457 2080 592 2127 quam
606 2063 683 2109 illo
697 2065 857 2110 San&o
870 2063 1123 2108 Divomm.
1115 2065 1130 2094 Ρ
1157 2074 1231 2106 aut

229 2129 464 2192 quomodo
488 2145 579 2176 non
601 2129 743 2175 bonus
768 2128 844 2175 fiat
877 2128 1072 2192 regendo
1106 2160 1118 2181 ,
1157 2125 1228 2170 cui

226 2197 362 2243 virtus
387 2198 432 2243 &
456 2197 598 2243 Deus
610 2194 893 2244 versabuntur
927 2211 1017 2258 prae
1051 2191 1225 2240 oculis·
1217 2225 1230 2245 ,

1147 2273 1212 2303 re-
