1320 2490
218 78 459 121 Senum.
501 75 902 121 FRAGMENTA.
1018 91 1076 136 ιζ

84 165 317 211 absentiam
331 157 478 226 potins
492 199 505 218 ‚
531 179 622 210 non
635 164 778 210 studio
802 162 996 227 effugere
1007 165 1070 211 vi-

82 231 242 283 dearis,
267 229 382 294 saevae
422 238 477 279 &⁴
502 227 676 293 superbe
698 232 942 294 cogitationbs
965 231 1072 278 indi-

80 291 183 342 cium
199 292 248 352 es?
263 331 275 349 ‚
292 295 437 358 secreto
445 294 515 358 fico
524 297 683 357 sinim-i.

150 363 192 408 8.
233 360 376 408 Recte
390 363 448 407 ait
469 360 638 423 Lipfius
653 396 666 414 ‚
686 356 994 424 MMfflAEffil
1016 367 1098 411 &⁵

80 434 215 473 mima
227 431 503 480 virtutummt
518 427 639 472 enim
663 424 793 472 fiuss'ae
816 426 978 489 stipi-ant
1000 427 1074 472 da-

78 510 153 555 pes
180 493 269 538 fine
281 494 507 539 conditura
518 492 610 537 salis
623 505 724 545 ,aut
734 492 938 537 nauseam
950 491 1075 537 fidse-

80 559 191 604 dinis
207 571 415 604 moveant
429 592 441 610 ,
457 558 488 603 si
502 555 699 603 nimium
711 557 973 604 condiantur
986 576 999 610 3
1015 556 1076 603 fic

80 623 223 687 Regia
247 624 382 670 virtus
406 624 565 669 vitium
589 622 804 668 redolebit
814 656 828 675 ,
852 623 898 667 ni
912 623 1074 669 modus

76 689 345 743 adhibeatun
363 690 636 751 Majestatem
649 688 824 750 imperii
834 687 978 734 salutis
991 688 1077 733 effe

78 755 263 802 tutelam
277 790 290 808 ‚
306 754 419 800 hanc
430 754 664 817 parandam
677 753 868 816 Principi
881 753 978 816 quis
990 753 1073 799 du-

77 820 183 867 bitat
196 824 212 866 ?
238 821 329 882 Maj
335 822 435 866 estas
450 819 571 865 enim
583 819 835 880 Principem
846 818 1044 865 defendit
1056 851 1074 872 ‚

78 885 173 932 haec
186 887 244 932 est
254 886 377 948 quod
389 886 624 931 timeamus
641 885 756 947 jussa
765 884 999 947 aliquando
1009 884 1074 931 se-

77 952 143 998 nis
158 955 202 998 &
214 950 483 1005 invalidi3sed
496 950 575 996 nifi
590 951 782 997 modum
795 951 1000 1013 Princeps
1012 961 1078 996 te·

77 1029 176 1064 neat
200 1034 281 1080 pro
303 1016 565 1063 authoritate
582 1015 830 1078 superbiam
856 1019 901 1064 &
915 1015 1080 1063 fastum

76 1083 242 1129 induet.
283 1083 393 1129 Inde
403 1081 649 1129 adhibenda
662 1082 747 1127 effe
762 1082 1012 1128 Comitatem
1027 1084 1073 1128 &

76 1150 138 1194 M
147 1144 350 1209 odefliam,
362 1149 497 1211 idque
507 1162 613 1193 cum
628 1146 765 1194 Modo
779 1182 791 1199 ,
806 1148 942 1193 nimia
952 1147 1098 1202 enim„
1134 1196 1139 1198 ,

49 1216 52 1217 ’
76 1215 258 1262 comitas
281 1212 903 1265 familiaritatem‚famssiaritas
918 1214 1077 1275 paritafi

76 1292 185 1333 tem,
200 1297 248 1326 ac
260 1280 445 1341 proinde
468 1290 780 1339 contemptum
795 1279 963 1325 inducit
976 1299 989 1332 3
1005 1278 1074 1325 vel

76 1359 124 1392 ut
136 1345 525 1401 aitille,Cont12nut½
545 1341 719 1406 asperia&
744 1344 878 1391 mimis
892 1344 1086 1391 verendos«

73 1412 244 1462 homines
257 1408 404 1467 affidua
414 1408 598 1473 satietate
608 1407 727 1471 facit.
749 1413 851 1475 Jam
865 1411 919 1456 de
933 1407 1076 1473 ffum-

80 1480 140 1524 tia
176 1478 283 1541 quid
319 1476 514 1523 adferam
529 1480 545 1522 ?
581 1492 679 1522 eam
702 1478 859 1539 exequi
884 1477 1074 1523 omnino

78 1544 279 1606 Princeps
294 1542 421 1589 debet
433 1577 445 1596 ,
483 1542 632 1588 namsi
657 1542 878 1605 prohibita
890 1544 1075 1605 impune

73 1607 208 1655 semel
218 1608 690 1670 transcenderitmeque
703 1620 846 1654 metus
861 1608 1068 1661 ultra,ne-

76 1691 165 1737 que
176 1675 320 1737 pudor
332 1675 407 1727 est3
423 1691 566 1736 neque
579 1672 678 1719 ideo
696 1675 867 1736 magnis
880 1675 965 1720 effe
977 1690 1074 1735 par-

75 1741 268 1786 cendum
283 1774 294 1793 ‚
320 1739 395 1802 qui
411 1738 502 1802 quo
527 1737 652 1785 altius
666 1741 900 1788 ceciderint
912 1773 926 1792 ,
949 1738 1072 1786 tanto

73 1805 170 1869 plus
185 1804 436 1858 formidinis
448 1805 493 1851 in
507 1816 684 1851 caeteros
696 1805 965 1869 dispergatur
975 1840 988 1859 ,
1016 1823 1073 1852 ne

73 1884 207 1934 prout
219 1884 372 1933 potens
385 1870 453 1916 vel
467 1871 591 1932 inops
604 1887 701 1917 reus
717 1904 730 1923 ,
757 1871 995 1918 infirmum
1020 1872 1080 1917 fit

75 1950 149 1983 aut
161 1937 354 1986 validum
371 1957 398 1990 ‘r
409 1936 484 1982 sed
508 1936 584 1983 hic
596 1952 777 2000 quoque
799 1937 991 1984 modum
1003 1954 1072 1984 re-

73 2003 203 2066 quiro
215 2037 228 2056 ,
254 2019 310 2048 ne
321 2003 648 2065 quoquomodo
661 2016 888 2065 comperta
899 2016 973 2050 aut
988 2003 1066 2050 ob-

74 2069 187 2125 iesta
197 2085 279 2132 pro
290 2068 532 2131 approbatis
548 2068 701 2115 habeat
713 2103 726 2122 ,
754 2069 851 2132 quis
866 2070 988 2116 enim
999 2070 1067 2116 in-

74 2151 237 2185 nocens
249 2135 380 2190 erit,s1
391 2133 812 2201 accufflsqsufficiet?
825 2134 897 2185 sed
911 2136 1073 2198 cuique
