1320 2490
223 125 466 168 Scnxpr.
505 122 915 168 FRAGMENTA.
999 137 1059 181 41

68 208 222 254 stultus
246 207 465 270 apiarius,
511 207 577 253 uti
602 209 706 252 Rex
730 216 977 268 paupertate
999 205 1066 252 sui

68 273 223 337 populi
245 290 444 337 pauper,
483 276 527 320 δι’,
551 272 802 321 infelicitate
824 270 1062 318 infelicissi-

71 357 198 392 mus,
216 339 318 402 quia
329 339 537 385 omnium
549 339 736 402 primus.

135 423 210 451 21.
251 405 341 450 Sibi
365 406 554 452 omnino
576 419 708 467 atque
731 401 784 449 eb
812 403 952 467 magis
974 402 1061 451 suis

64 471 244 533 posteiis
257 471 332 517 slt
322 488 505 532 injurius
530 471 758 532 Princeps,
788 469 818 515 fi
834 469 1062 533 negligen-

64 536 149 582 tius
165 536 323 582 habere
335 536 439 582 velit
450 546 669 600 regnum,
683 535 819 596 quod
845 536 1064 582 electione

63 602 364 664 populorum,
399 618 446 647 m
468 602 679 674 regimen·
701 616 792 646 non
815 600 862 645 in
877 600 1061 646 haeredi-

64 679 196 714 tatem
211 668 288 714 fibi
313 667 525 714 collatum
537 667 726 729 accepit,
760 681 867 712 cum
906 670 925 726 (
939 666 1061 712 disto

64 733 242 781 Cornelii
274 736 410 780 Taciti
432 733 455 796 )
495 733 671 794 Difficile
687 732 740 796 fit
767 744 976 792 temperare
999 729 1066 792 Ῑὲ-

64 800 228 853 licitati,
246 799 423 862 quitum
439 815 514 846 non
535 812 651 861 putes
675 797 809 862 usuros
837 801 922 845 &a
960 799 1064 847 Nec

58 868 148 912 ulla
171 862 367 926 posteram
389 881 482 911 cura
511 867 672 912 lacerari
697 867 926 927 imperium.
975 865 1062 912 Sed

61 929 163 977 vere
191 930 383 978 eleffivae
406 947 611 994 purpurae
634 930 846 994 quiddam
867 929 1060 985 securius

59 996 168 1043 inest
181 998 308 1048 omni
320 996 568 1042 haereditate
581 1030 593 1050 ,
609 997 717 1059 quid
729 997 886 1042 certius
898 995 1056 1058 poffess

59 1061 242 1109 fionaria
254 1066 298 1110 ἃ.
311 1062 492 1108 naturali
504 1062 782 1108 succeffione.
818 1063 942 1107 Nam
955 1060 1063 1109 licet

59 1127 107 1174 in
131 1128 299 1190 populo
324 1128 495 1175 Polono
513 1128 588 1190 jus
616 1131 660 1175 &
684 1127 854 1173 libertas
890 1127 1058 1175 civium

50 1209 143 1256 pro
156 1194 333 1240 arbitn'o
348 1194 478 1258 eligat
490 1228 503 1247 ,
518 1194 798 1257 regnantium
810 1205 960 1238 tamen
971 1194 1058 1239 vir-

59 1270 130 1305 tus
144 1260 188 1305 in
201 1276 354 1306 amore
369 1259 522 1322 populi
549 1259 799 1310 haereditat,
825 1274 932 1304 cum
957 1258 1055 1304 dili-

59 1325 182 1388 genti
196 1341 299 1371 cura
311 1360 324 1379 ,
341 1328 385 1372 ὃς
397 1341 490 1370 non
503 1324 610 1369 ficto
622 1324 673 1368 ad
686 1336 864 1385 tempus
888 1323 1059 1385 publici

56 1389 162 1435 boni
185 1391 327 1436 studio
341 1424 354 1442 ,
379 1390 531 1435 animo
555 1392 601 1435 &
624 1389 786 1435 intimo
808 1390 951 1435 amori
973 1406 1055 1452 po-

54 1454 149 1516 puli
171 1454 215 1501 se
237 1454 426 1517 suosque
447 1456 639 1517 posteros
663 1455 897 1518 ingerunt,
924 1468 975 1501 ut
1001 1472 1055 1502 eo

55 1519 176 1565 faE’to
209 1521 387 1583 posteris
416 1520 503 1568 suis
525 1521 572 1566 in
595 1537 748 1567 amore
771 1520 939 1567 civium
962 1538 1056 1568 non

55 1585 234 1632 dubiam
249 1586 474 1633 eleetionis
487 1585 805 1633 succefiionem
819 1587 1052 1650 relinquat.

56 1651 128 1697 Sic
139 1652 282 1698 evenit
305 1652 576 1705 Piastorum,
613 1652 672 1698 fic
689 1652 975 1717 Jagellonum
998 1653 1055 1699 de

57 1710 304 1779 Republica
314 1718 482 1763 meritae
495 1718 652 1764 domui
692 1723 708 1779 (
725 1717 846 1763 secus
859 1718 1051 1765 omnino

53 1783 364 1845 praetereundae
387 1782 524 1829 libero
548 1783 717 1829 calculo
746 1817 758 1836 ,
797 1783 831 1828 si
855 1782 1055 1831 abfuiffet

54 1847 285 1894 successiva
297 1847 464 1904 virtus)
500 1864 607 1894 cum
638 1866 730 1894 non
741 1865 818 1911 per
830 1849 1050 1911 pofl'effio·

57 1929 162 1960 nem
176 1912 467 1966 succeffione,
493 1913 565 1959 sed
590 1914 804 1960 eleffione
826 1931 904 1978 per
914 1915 1052 1962 virtu-

54 1990 151 2025 tem
164 1978 335 2025 Polono
358 1978 527 2041 sceptro
552 1980 888 2042 quodammodo
913 1980 1051 2026 haere-

59 2045 224 2091 ditaret
263 2045 306 2090 Si
331 2043 465 2108 igitur
498 2046 567 2091 cui
593 2048 776 2110 Regum
800 2046 906 2092 inest
926 2060 1051 2093 nato·

58 2126 162 2155 rum
186 2109 414 2156 suorum⁰
392 2126 438 2157 cc
460 2110 646 2173 sceptri
635 2128 680 2157 1n
703 2113 896 2175 posteros
920 2127 1049 2166 cura,

60 2175 186 2223 nullo
197 2176 365 2224 studio
353 2193 398 2223 m
411 2188 562 2225 caetera
572 2177 699 2225 faciat
709 2177 787 2224 fibi
813 2181 857 2226 &
870 2178 953 2225 ssh's
967 2178 1051 2223 vir·

962 2254 1058 2290 tute
