<?xml version="1.0" encoding="UTF-8"?>
<!DOCTYPE html PUBLIC "-//W3C//DTD XHTML 1.0 Transitional//EN"
    "http://www.w3.org/TR/xhtml1/DTD/xhtml1-transitional.dtd">
<html xmlns="http://www.w3.org/1999/xhtml" xml:lang="en" lang="en">
 <head>
  <title>
</title>
<meta http-equiv="Content-Type" content="text/html;charset=utf-8" />
  <meta name='ocr-system' content='tesseract 3.04.00' />
  <meta name='ocr-capabilities' content='ocr_page ocr_carea ocr_par ocr_line ocrx_word'/>
</head>
<body>
  <div class='ocr_page' id='page_1' title='image "./andreaemaximilia00fred_0316.png"; bbox 0 0 1320 2490; ppageno 0'>
   <div class='ocr_carea' id='block_1_1' title="bbox 286 102 1201 165">
    <p class='ocr_par' dir='ltr' id='par_1_1' title="bbox 286 102 1201 165">
     <span class='ocr_line' id='line_1_1' title="bbox 286 102 1201 165; baseline -0.003 -15"><span class='ocrx_word' id='word_1_1' title='bbox 286 110 391 165; x_wconf 74' lang='lat'>:305</span> <span class='ocrx_word' id='word_1_2' title='bbox 429 102 1201 149; x_wconf 62' lang='lat' dir='ltr'>ANDREAERIAX.FRE1)R0</span> 
     </span>
    </p>
   </div>
   <div class='ocr_carea' id='block_1_2' title="bbox 250 183 1320 2289">
    <p class='ocr_par' dir='ltr' id='par_1_2' title="bbox 250 183 1320 2289">
     <span class='ocr_line' id='line_1_2' title="bbox 287 183 1289 250; baseline 0.005 -22"><span class='ocrx_word' id='word_1_3' title='bbox 287 183 457 232; x_wconf 48' lang='lat' dir='ltr'>aintuitu</span> <span class='ocrx_word' id='word_1_4' title='bbox 493 184 693 230; x_wconf 76' lang='lat' dir='ltr'>familiari</span> <span class='ocrx_word' id='word_1_5' title='bbox 728 200 819 230; x_wconf 88' lang='lat' dir='ltr'>non</span> <span class='ocrx_word' id='word_1_6' title='bbox 863 187 1003 250; x_wconf 77' lang='lat' dir='ltr'>magis</span> <span class='ocrx_word' id='word_1_7' title='bbox 1049 187 1093 232; x_wconf 86' lang='lat' dir='ltr'>in</span> <span class='ocrx_word' id='word_1_8' title='bbox 1108 187 1289 240; x_wconf 75' lang='lat' dir='ltr'>oculos,</span> 
     </span>
     <span class='ocr_line' id='line_1_3' title="bbox 298 249 1288 315; baseline 0.001 -18"><span class='ocrx_word' id='word_1_9' title='bbox 298 249 435 314; x_wconf 76' lang='lat' dir='ltr'>quam</span> <span class='ocrx_word' id='word_1_10' title='bbox 470 249 516 295; x_wconf 87' lang='lat' dir='ltr'>in</span> <span class='ocrx_word' id='word_1_11' title='bbox 538 250 742 296; x_wconf 82' lang='lat' dir='ltr'>animum</span> <span class='ocrx_word' id='word_1_12' title='bbox 777 249 821 296; x_wconf 89' lang='lat' dir='ltr'>se</span> <span class='ocrx_word' id='word_1_13' title='bbox 854 252 1086 315; x_wconf 85' lang='lat' dir='ltr'>ingerunt,</span> <span class='ocrx_word' id='word_1_14' title='bbox 1135 254 1288 298; x_wconf 88' lang='lat' dir='ltr'>docea-</span> 
     </span>
     <span class='ocr_line' id='line_1_4' title="bbox 293 316 1290 380; baseline 0.003 -18"><span class='ocrx_word' id='word_1_15' title='bbox 293 330 367 363; x_wconf 87' lang='lat' dir='ltr'>tur</span> <span class='ocrx_word' id='word_1_16' title='bbox 412 316 616 379; x_wconf 77' lang='lat' dir='ltr'><strong>Princeps</strong></span> <span class='ocrx_word' id='word_1_17' title='bbox 641 353 657 372; x_wconf 84' lang='grc'>,</span> <span class='ocrx_word' id='word_1_18' title='bbox 705 331 786 361; x_wconf 87' lang='lat' dir='ltr'>nec</span> <span class='ocrx_word' id='word_1_19' title='bbox 819 316 898 362; x_wconf 87' lang='lat' dir='ltr'>alia</span> <span class='ocrx_word' id='word_1_20' title='bbox 942 318 1149 380; x_wconf 84' lang='lat' dir='ltr'>Principis</span> <span class='ocrx_word' id='word_1_21' title='bbox 1195 319 1290 365; x_wconf 78' lang='lat' dir='ltr'>aula</span> 
     </span>
     <span class='ocr_line' id='line_1_5' title="bbox 293 380 1286 447; baseline 0.002 -18"><span class='ocrx_word' id='word_1_22' title='bbox 293 381 452 429; x_wconf 84' lang='lat' dir='ltr'>melius</span> <span class='ocrx_word' id='word_1_23' title='bbox 465 381 800 435; x_wconf 70' lang='lat' dir='ltr'>accommodata</span> <span class='ocrx_word' id='word_1_24' title='bbox 813 417 827 436; x_wconf 90' lang='lat'><strong><em>,</em></strong></span> <span class='ocrx_word' id='word_1_25' title='bbox 863 380 998 445; x_wconf 67' lang='lat' dir='ltr'>quam</span> <span class='ocrx_word' id='word_1_26' title='bbox 1018 383 1062 428; x_wconf 84' lang='lat' dir='ltr'>in</span> <span class='ocrx_word' id='word_1_27' title='bbox 1087 401 1174 447; x_wconf 84' lang='lat' dir='ltr'>qua</span> <span class='ocrx_word' id='word_1_28' title='bbox 1187 400 1286 431; x_wconf 82' lang='lat' dir='ltr'>mu-</span> 
     </span>
     <span class='ocr_line' id='line_1_6' title="bbox 290 447 1289 513; baseline 0.001 -18"><span class='ocrx_word' id='word_1_29' title='bbox 290 448 477 495; x_wconf 84' lang='lat' dir='ltr'>taetiam</span> <span class='ocrx_word' id='word_1_30' title='bbox 514 449 558 493; x_wconf 83' lang='lat'>&amp;</span> <span class='ocrx_word' id='word_1_31' title='bbox 596 447 855 502; x_wconf 79' lang='lat' dir='ltr'>inanimata,</span> <span class='ocrx_word' id='word_1_32' title='bbox 890 448 1071 495; x_wconf 82' lang='lat' dir='ltr'>salubria</span> <span class='ocrx_word' id='word_1_33' title='bbox 1103 451 1289 513; x_wconf 87' lang='lat' dir='ltr'>loquan-</span> 
     </span>
     <span class='ocr_line' id='line_1_7' title="bbox 279 513 1282 575; baseline 0.005 -16"><span class='ocrx_word' id='word_1_34' title='bbox 279 525 364 562; x_wconf 67' lang='lat' dir='ltr'>&#39;tur</span> <span class='ocrx_word' id='word_1_35' title='bbox 387 548 399 567; x_wconf 96' lang='lat'><strong><em>,</em></strong></span> <span class='ocrx_word' id='word_1_36' title='bbox 439 517 484 560; x_wconf 86' lang='lat'>&amp;</span> <span class='ocrx_word' id='word_1_37' title='bbox 517 514 696 575; x_wconf 82' lang='lat' dir='ltr'>parietes</span> <span class='ocrx_word' id='word_1_38' title='bbox 731 513 832 560; x_wconf 89' lang='lat' dir='ltr'>loco</span> <span class='ocrx_word' id='word_1_39' title='bbox 867 515 1147 571; x_wconf 79' lang='lat' dir='ltr'>monitorum</span> <span class='ocrx_word' id='word_1_40' title='bbox 1184 515 1282 564; x_wconf 82' lang='lat' dir='ltr'>fint.</span> 
     </span>
     <span class='ocr_line' id='line_1_8' title="bbox 289 579 1285 644; baseline 0.002 -18"><span class='ocrx_word' id='word_1_41' title='bbox 289 581 410 627; x_wconf 88' lang='lat' dir='ltr'>Hinc</span> <span class='ocrx_word' id='word_1_42' title='bbox 421 579 628 625; x_wconf 84' lang='lat' dir='ltr'>ufitatum</span> <span class='ocrx_word' id='word_1_43' title='bbox 640 590 728 624; x_wconf 84' lang='lat' dir='ltr'>crat</span> <span class='ocrx_word' id='word_1_44' title='bbox 752 580 922 644; x_wconf 85' lang='lat' dir='ltr'>magnis</span> <span class='ocrx_word' id='word_1_45' title='bbox 943 581 988 626; x_wconf 87' lang='lat' dir='ltr'>in</span> <span class='ocrx_word' id='word_1_46' title='bbox 1012 581 1119 627; x_wconf 88' lang='lat' dir='ltr'>orbe</span> <span class='ocrx_word' id='word_1_47' title='bbox 1141 582 1285 628; x_wconf 86' lang='lat' dir='ltr'>heroi-</span> 
     </span>
     <span class='ocr_line' id='line_1_9' title="bbox 290 644 1307 708; baseline 0.002 -16"><span class='ocrx_word' id='word_1_48' title='bbox 290 646 370 692; x_wconf 87' lang='lat' dir='ltr'>bus</span> <span class='ocrx_word' id='word_1_49' title='bbox 384 680 396 698; x_wconf 87' lang='lat'>,</span> <span class='ocrx_word' id='word_1_50' title='bbox 411 644 623 691; x_wconf 80' lang='lat' dir='ltr'>excitandi</span> <span class='ocrx_word' id='word_1_51' title='bbox 638 645 774 691; x_wconf 86' lang='lat' dir='ltr'>animi</span> <span class='ocrx_word' id='word_1_52' title='bbox 788 646 948 708; x_wconf 86' lang='lat' dir='ltr'>gratia,</span> <span class='ocrx_word' id='word_1_53' title='bbox 975 649 1284 694; x_wconf 76' lang='lat' dir='ltr'>accommoda-</span> <span class='ocrx_word' id='word_1_54' title='bbox 1306 649 1307 654; x_wconf 71' lang='grc'>’</span> 
     </span>
     <span class='ocr_line' id='line_1_10' title="bbox 289 709 1287 773; baseline 0.003 -16"><span class='ocrx_word' id='word_1_55' title='bbox 289 711 344 758; x_wconf 87' lang='lat' dir='ltr'>tis</span> <span class='ocrx_word' id='word_1_56' title='bbox 368 709 510 758; x_wconf 82' lang='lat' dir='ltr'>menti</span> <span class='ocrx_word' id='word_1_57' title='bbox 545 709 628 757; x_wconf 78' lang='lat' dir='ltr'>suae</span> <span class='ocrx_word' id='word_1_58' title='bbox 655 710 720 757; x_wconf 87' lang='lat' dir='ltr'>uti</span> <span class='ocrx_word' id='word_1_59' title='bbox 746 711 995 773; x_wconf 81' lang='lat' dir='ltr'>Symbolis,</span> <span class='ocrx_word' id='word_1_60' title='bbox 1037 712 1287 761; x_wconf 80' lang='lat' dir='ltr'>Alexander</span> 
     </span>
     <span class='ocr_line' id='line_1_11' title="bbox 290 775 1285 841; baseline 0.002 -17"><span class='ocrx_word' id='word_1_61' title='bbox 290 779 485 841; x_wconf 80' lang='lat' dir='ltr'>Magnus</span> <span class='ocrx_word' id='word_1_62' title='bbox 498 775 622 840; x_wconf 86' lang='lat' dir='ltr'>pingi</span> <span class='ocrx_word' id='word_1_63' title='bbox 634 776 712 823; x_wconf 87' lang='lat' dir='ltr'>fibi</span> <span class='ocrx_word' id='word_1_64' title='bbox 726 776 899 824; x_wconf 85' lang='lat' dir='ltr'>volebat</span> <span class='ocrx_word' id='word_1_65' title='bbox 918 781 1118 825; x_wconf 87' lang='lat' dir='ltr'>Leonem</span> <span class='ocrx_word' id='word_1_66' title='bbox 1138 813 1158 833; x_wconf 15' lang='lat' dir='ltr'>V,</span> <span class='ocrx_word' id='word_1_67' title='bbox 1184 780 1285 827; x_wconf 88' lang='lat' dir='ltr'>dein</span> 
     </span>
     <span class='ocr_line' id='line_1_12' title="bbox 287 842 1309 907; baseline 0.003 -18"><span class='ocrx_word' id='word_1_68' title='bbox 287 843 359 890; x_wconf 87' lang='lat' dir='ltr'>alii</span> <span class='ocrx_word' id='word_1_69' title='bbox 373 878 386 897; x_wconf 87' lang='lat'>,</span> <span class='ocrx_word' id='word_1_70' title='bbox 401 843 478 889; x_wconf 83' lang='lat' dir='ltr'>alia</span> <span class='ocrx_word' id='word_1_71' title='bbox 490 842 701 904; x_wconf 84' lang='lat' dir='ltr'>Symbola</span> <span class='ocrx_word' id='word_1_72' title='bbox 711 853 786 889; x_wconf 82' lang='lat' dir='ltr'>aut</span> <span class='ocrx_word' id='word_1_73' title='bbox 795 843 916 907; x_wconf 87' lang='lat' dir='ltr'>figna</span> <span class='ocrx_word' id='word_1_74' title='bbox 926 844 973 890; x_wconf 90' lang='lat' dir='ltr'>in</span> <span class='ocrx_word' id='word_1_75' title='bbox 985 843 1168 899; x_wconf 85' lang='lat' dir='ltr'>annulis,</span> <span class='ocrx_word' id='word_1_76' title='bbox 1182 857 1283 893; x_wconf 89' lang='lat' dir='ltr'>tum</span> <span class='ocrx_word' id='word_1_77' title='bbox 1302 863 1309 883; x_wconf 88' lang='grc'>·-</span> 
     </span>
     <span class='ocr_line' id='line_1_13' title="bbox 287 908 1280 974; baseline 0.002 -19"><span class='ocrx_word' id='word_1_78' title='bbox 287 910 386 956; x_wconf 78' lang='lat' dir='ltr'>alibi</span> <span class='ocrx_word' id='word_1_79' title='bbox 414 909 524 974; x_wconf 84' lang='lat' dir='ltr'>fingi</span> <span class='ocrx_word' id='word_1_80' title='bbox 550 908 780 963; x_wconf 85' lang='lat' dir='ltr'>curabant,</span> <span class='ocrx_word' id='word_1_81' title='bbox 818 911 1057 972; x_wconf 82' lang='lat' dir='ltr'>Pompejus</span> <span class='ocrx_word' id='word_1_82' title='bbox 1073 944 1085 964; x_wconf 91' lang='lat'>,</span> <span class='ocrx_word' id='word_1_83' title='bbox 1111 910 1280 966; x_wconf 72' lang='lat' dir='ltr'>Caesar,</span> 
     </span>
     <span class='ocr_line' id='line_1_14' title="bbox 287 976 1320 1039; baseline 0 -16"><span class='ocrx_word' id='word_1_84' title='bbox 287 977 527 1039; x_wconf 83' lang='lat' dir='ltr'>Augustus,</span> <span class='ocrx_word' id='word_1_85' title='bbox 543 978 626 1022; x_wconf 70' lang='lat' dir='ltr'>&amp;c</span> <span class='ocrx_word' id='word_1_86' title='bbox 644 987 742 1021; x_wconf 84' lang='lat' dir='ltr'>tum</span> <span class='ocrx_word' id='word_1_87' title='bbox 762 976 874 1022; x_wconf 85' lang='lat' dir='ltr'>inter</span> <span class='ocrx_word' id='word_1_88' title='bbox 887 976 1141 1023; x_wconf 82' lang='lat' dir='ltr'>Catholicos</span> <span class='ocrx_word' id='word_1_89' title='bbox 1155 977 1280 1023; x_wconf 84' lang='lat' dir='ltr'>Prin·</span> <span class='ocrx_word' id='word_1_90' title='bbox 1306 997 1320 1038; x_wconf 65' lang='lat'>,²1</span> 
     </span>
     <span class='ocr_line' id='line_1_15' title="bbox 257 1033 1320 1105; baseline 0.007 -22"><span class='ocrx_word' id='word_1_91' title='bbox 257 1081 260 1083; x_wconf 87' lang='grc'><em>,</em></span> <span class='ocrx_word' id='word_1_92' title='bbox 285 1042 399 1103; x_wconf 81' lang='lat' dir='ltr'>cipes</span> <span class='ocrx_word' id='word_1_93' title='bbox 418 1045 489 1102; x_wconf 81' lang='lat' dir='ltr'>(ut</span> <span class='ocrx_word' id='word_1_94' title='bbox 503 1042 668 1088; x_wconf 83' lang='lat' dir='ltr'>multos</span> <span class='ocrx_word' id='word_1_95' title='bbox 680 1041 969 1105; x_wconf 75' lang='lat' dir='ltr'>praeteream)</span> <span class='ocrx_word' id='word_1_96' title='bbox 1007 1042 1190 1089; x_wconf 83' lang='lat' dir='ltr'>Carolus</span> <span class='ocrx_word' id='word_1_97' title='bbox 1218 1046 1275 1091; x_wconf 90' lang='lat' dir='ltr'>V.</span> <span class='ocrx_word' id='word_1_98' title='bbox 1313 1033 1320 1070; x_wconf 81' lang='lat'>’·&#39;</span> 
     </span>
     <span class='ocr_line' id='line_1_16' title="bbox 283 1104 1320 1173; baseline 0 -18"><span class='ocrx_word' id='word_1_99' title='bbox 283 1107 441 1161; x_wconf 77' lang='lat' dir='ltr'>Caesar,</span> <span class='ocrx_word' id='word_1_100' title='bbox 458 1107 657 1170; x_wconf 83' lang='lat' dir='ltr'>Symboli</span> <span class='ocrx_word' id='word_1_101' title='bbox 672 1108 855 1153; x_wconf 81' lang='lat' dir='ltr'>nomine</span> <span class='ocrx_word' id='word_1_102' title='bbox 867 1107 1060 1173; x_wconf 81' lang='lat' dir='ltr'>fingebat</span> <span class='ocrx_word' id='word_1_103' title='bbox 1073 1108 1152 1173; x_wconf 85' lang='lat' dir='ltr'>fibi</span> <span class='ocrx_word' id='word_1_104' title='bbox 1167 1115 1277 1155; x_wconf 80' lang='lat' dir='ltr'>Her·</span> <span class='ocrx_word' id='word_1_105' title='bbox 1308 1104 1320 1154; x_wconf 72' lang='grc' dir='ltr'>ἶ</span> 
     </span>
     <span class='ocr_line' id='line_1_17' title="bbox 278 1171 1320 1238; baseline 0.003 -18"><span class='ocrx_word' id='word_1_106' title='bbox 278 1174 373 1222; x_wconf 60' lang='lat' dir='ltr'>culis</span> <span class='ocrx_word' id='word_1_107' title='bbox 389 1173 607 1224; x_wconf 63' lang='lat' dir='ltr'>calumum,</span> <span class='ocrx_word' id='word_1_108' title='bbox 622 1171 960 1238; x_wconf 65' lang='lat' dir='ltr'>sedhegativzlin</span> <span class='ocrx_word' id='word_1_109' title='bbox 974 1174 1279 1223; x_wconf 85' lang='lat' dir='ltr'>affirmativam</span> <span class='ocrx_word' id='word_1_110' title='bbox 1307 1171 1320 1225; x_wconf 64' lang='lat' dir='ltr'>&#39;i</span> 
     </span>
     <span class='ocr_line' id='line_1_18' title="bbox 283 1239 1318 1304; baseline 0.003 -20"><span class='ocrx_word' id='word_1_111' title='bbox 283 1240 425 1293; x_wconf 63' lang='lat' dir='ltr'>vers-a,</span> <span class='ocrx_word' id='word_1_112' title='bbox 453 1255 568 1285; x_wconf 29' lang='lat' dir='ltr'>*cum</span> <span class='ocrx_word' id='word_1_113' title='bbox 605 1239 886 1301; x_wconf 75' lang='lat' dir='ltr'>inscriptione</span> <span class='ocrx_word' id='word_1_114' title='bbox 920 1241 1001 1286; x_wconf 92' lang='lat' dir='ltr'>PL</span> <span class='ocrx_word' id='word_1_115' title='bbox 1020 1243 1062 1285; x_wconf 95' lang='lat' dir='ltr'>U</span> <span class='ocrx_word' id='word_1_116' title='bbox 1079 1244 1107 1286; x_wconf 92' lang='lat' dir='ltr'>S</span> <span class='ocrx_word' id='word_1_117' title='bbox 1146 1243 1190 1286; x_wconf 90' lang='lat' dir='ltr'>U</span> <span class='ocrx_word' id='word_1_118' title='bbox 1206 1245 1275 1287; x_wconf 87' lang='grc' dir='ltr'><strong>Ι..-</strong></span> <span class='ocrx_word' id='word_1_119' title='bbox 1311 1294 1318 1304; x_wconf 38' lang='grc' dir='ltr'>ι</span> 
     </span>
     <span class='ocr_line' id='line_1_19' title="bbox 285 1303 1275 1353; baseline 0.003 -3"><span class='ocrx_word' id='word_1_120' title='bbox 285 1307 385 1351; x_wconf 83' lang='lat' dir='ltr'>TR</span> <span class='ocrx_word' id='word_1_121' title='bbox 404 1308 460 1352; x_wconf 90' lang='lat' dir='ltr'>A.</span> <span class='ocrx_word' id='word_1_122' title='bbox 514 1309 580 1352; x_wconf 91' lang='lat' dir='ltr'>Ac</span> <span class='ocrx_word' id='word_1_123' title='bbox 615 1303 908 1351; x_wconf 64' lang='lat' dir='ltr'>recentiffim&amp;</span> <span class='ocrx_word' id='word_1_124' title='bbox 936 1307 1089 1353; x_wconf 80' lang='lat' dir='ltr'>,noster</span> <span class='ocrx_word' id='word_1_125' title='bbox 1123 1307 1275 1353; x_wconf 83' lang='lat' dir='ltr'>Vladi-</span> 
     </span>
     <span class='ocr_line' id='line_1_20' title="bbox 281 1369 1275 1434; baseline 0.002 -17"><span class='ocrx_word' id='word_1_126' title='bbox 281 1369 390 1417; x_wconf 87' lang='lat' dir='ltr'>ssaus</span> <span class='ocrx_word' id='word_1_127' title='bbox 426 1373 517 1416; x_wconf 90' lang='lat' dir='ltr'>IV.</span> <span class='ocrx_word' id='word_1_128' title='bbox 555 1371 941 1434; x_wconf 83' lang='lat' dir='ltr'>magnanimitatis,</span> <span class='ocrx_word' id='word_1_129' title='bbox 960 1371 1275 1419; x_wconf 75' lang='lat' dir='ltr'>munificentiae</span> 
     </span>
     <span class='ocr_line' id='line_1_21' title="bbox 279 1435 1273 1499; baseline 0 -16"><span class='ocrx_word' id='word_1_130' title='bbox 279 1439 325 1483; x_wconf 69' lang='grc' dir='ltr'>ὃ(</span> <span class='ocrx_word' id='word_1_131' title='bbox 342 1438 381 1481; x_wconf 94' lang='lat' dir='ltr'><strong>R</strong></span> <span class='ocrx_word' id='word_1_132' title='bbox 391 1436 497 1499; x_wconf 80' lang='lat' dir='ltr'>egiae</span> <span class='ocrx_word' id='word_1_133' title='bbox 509 1435 724 1481; x_wconf 82' lang='lat' dir='ltr'>comitatis</span> <span class='ocrx_word' id='word_1_134' title='bbox 739 1435 890 1480; x_wconf 85' lang='lat' dir='ltr'>vivum</span> <span class='ocrx_word' id='word_1_135' title='bbox 903 1435 991 1497; x_wconf 89' lang='lat' dir='ltr'>ipse</span> <span class='ocrx_word' id='word_1_136' title='bbox 1004 1435 1273 1498; x_wconf 86' lang='lat' dir='ltr'>Symbolum</span> 
     </span>
     <span class='ocr_line' id='line_1_22' title="bbox 278 1500 1273 1565; baseline 0.002 -18"><span class='ocrx_word' id='word_1_137' title='bbox 278 1504 384 1547; x_wconf 80' lang='lat' dir='ltr'>Rex</span> <span class='ocrx_word' id='word_1_138' title='bbox 398 1536 409 1554; x_wconf 89' lang='lat'>,</span> <span class='ocrx_word' id='word_1_139' title='bbox 425 1501 660 1547; x_wconf 55' lang='lat' dir='ltr'>delectatus</span> <span class='ocrx_word' id='word_1_140' title='bbox 683 1516 800 1547; x_wconf 83' lang='lat' dir='ltr'>novo</span> <span class='ocrx_word' id='word_1_141' title='bbox 814 1500 1057 1562; x_wconf 75' lang='lat' dir='ltr'>Symbolo,</span> <span class='ocrx_word' id='word_1_142' title='bbox 1082 1502 1204 1565; x_wconf 87' lang='lat' dir='ltr'>quod</span> <span class='ocrx_word' id='word_1_143' title='bbox 1226 1504 1273 1549; x_wconf 85' lang='lat' dir='ltr'>in</span> 
     </span>
     <span class='ocr_line' id='line_1_23' title="bbox 273 1564 1273 1630; baseline 0.002 -17"><span class='ocrx_word' id='word_1_144' title='bbox 273 1567 478 1613; x_wconf 88' lang='lat' dir='ltr'>cubiculo</span> <span class='ocrx_word' id='word_1_145' title='bbox 489 1568 582 1630; x_wconf 79' lang='lat' dir='ltr'>ejus</span> <span class='ocrx_word' id='word_1_146' title='bbox 594 1564 816 1630; x_wconf 61' lang='lat' dir='ltr'>ingeniose</span> <span class='ocrx_word' id='word_1_147' title='bbox 839 1566 987 1628; x_wconf 84' lang='lat' dir='ltr'>parieti</span> <span class='ocrx_word' id='word_1_148' title='bbox 1005 1567 1273 1630; x_wconf 82' lang='lat' dir='ltr'>insculptum</span> 
     </span>
     <span class='ocr_line' id='line_1_24' title="bbox 250 1632 1274 1695; baseline 0.007 -21"><span class='ocrx_word' id='word_1_149' title='bbox 250 1647 391 1686; x_wconf 84' lang='lat' dir='ltr'>.erat,</span> <span class='ocrx_word' id='word_1_150' title='bbox 429 1636 474 1680; x_wconf 86' lang='lat'>&amp;</span> <span class='ocrx_word' id='word_1_151' title='bbox 498 1633 637 1695; x_wconf 86' lang='lat' dir='ltr'>usque</span> <span class='ocrx_word' id='word_1_152' title='bbox 662 1632 796 1678; x_wconf 87' lang='lat' dir='ltr'>hodie</span> <span class='ocrx_word' id='word_1_153' title='bbox 839 1632 990 1678; x_wconf 76' lang='lat' dir='ltr'>visitur</span> <span class='ocrx_word' id='word_1_154' title='bbox 1013 1667 1027 1686; x_wconf 94' lang='lat'><strong><em>,</em></strong></span> <span class='ocrx_word' id='word_1_155' title='bbox 1074 1633 1274 1681; x_wconf 81' lang='lat' dir='ltr'>videlicet</span> 
     </span>
     <span class='ocr_line' id='line_1_25' title="bbox 276 1698 1270 1762; baseline 0.002 -17"><span class='ocrx_word' id='word_1_156' title='bbox 276 1699 438 1762; x_wconf 86' lang='lat' dir='ltr'>Aquila</span> <span class='ocrx_word' id='word_1_157' title='bbox 455 1698 636 1761; x_wconf 84' lang='lat' dir='ltr'>(Poloni</span> <span class='ocrx_word' id='word_1_158' title='bbox 648 1698 887 1744; x_wconf 79' lang='lat' dir='ltr'>stemmatis</span> <span class='ocrx_word' id='word_1_159' title='bbox 900 1698 1030 1748; x_wconf 83' lang='lat' dir='ltr'>decus</span> <span class='ocrx_word' id='word_1_160' title='bbox 1045 1700 1062 1757; x_wconf 87' lang='lat'>)</span> <span class='ocrx_word' id='word_1_161' title='bbox 1078 1716 1168 1745; x_wconf 85' lang='lat' dir='ltr'>non</span> <span class='ocrx_word' id='word_1_162' title='bbox 1174 1701 1270 1762; x_wconf 79' lang='lat' dir='ltr'>jam</span> 
     </span>
     <span class='ocr_line' id='line_1_26' title="bbox 273 1763 1269 1830; baseline 0.004 -20"><span class='ocrx_word' id='word_1_163' title='bbox 273 1766 467 1828; x_wconf 81' lang='lat' dir='ltr'>armiger</span> <span class='ocrx_word' id='word_1_164' title='bbox 495 1765 616 1830; x_wconf 84' lang='lat' dir='ltr'>Jovis</span> <span class='ocrx_word' id='word_1_165' title='bbox 642 1764 765 1818; x_wconf 80' lang='lat' dir='ltr'>irati,</span> <span class='ocrx_word' id='word_1_166' title='bbox 800 1763 871 1810; x_wconf 82' lang='lat' dir='ltr'>sed</span> <span class='ocrx_word' id='word_1_167' title='bbox 894 1764 1009 1811; x_wconf 77' lang='lat' dir='ltr'>dona</span> <span class='ocrx_word' id='word_1_168' title='bbox 1045 1764 1187 1817; x_wconf 80' lang='lat' dir='ltr'>ferens</span> <span class='ocrx_word' id='word_1_169' title='bbox 1224 1770 1269 1814; x_wconf 66' lang='grc' dir='ltr'>δε</span> 
     </span>
     <span class='ocr_line' id='line_1_27' title="bbox 271 1829 1266 1893; baseline 0.002 -18"><span class='ocrx_word' id='word_1_170' title='bbox 271 1831 457 1890; x_wconf 68' lang='lat' dir='ltr'>gratiam</span> <span class='ocrx_word' id='word_1_171' title='bbox 491 1830 722 1877; x_wconf 82' lang='lat' dir='ltr'>clementis</span> <span class='ocrx_word' id='word_1_172' title='bbox 749 1866 761 1884; x_wconf 92' lang='lat'>‚</span> <span class='ocrx_word' id='word_1_173' title='bbox 809 1829 1032 1893; x_wconf 80' lang='lat' dir='ltr'>adsculpto</span> <span class='ocrx_word' id='word_1_174' title='bbox 1067 1831 1111 1877; x_wconf 85' lang='lat' dir='ltr'>in</span> <span class='ocrx_word' id='word_1_175' title='bbox 1146 1832 1266 1893; x_wconf 80' lang='lat' dir='ltr'>pedi-</span> 
     </span>
     <span class='ocr_line' id='line_1_28' title="bbox 271 1881 1269 1958; baseline 0.003 -17"><span class='ocrx_word' id='word_1_176' title='bbox 271 1881 352 1942; x_wconf 74' lang='lat' dir='ltr'>bus</span> <span class='ocrx_word' id='word_1_177' title='bbox 378 1896 579 1943; x_wconf 81' lang='lat' dir='ltr'>fasciculo</span> <span class='ocrx_word' id='word_1_178' title='bbox 596 1897 838 1949; x_wconf 81' lang='lat' dir='ltr'>frumenti,</span> <span class='ocrx_word' id='word_1_179' title='bbox 868 1912 973 1942; x_wconf 88' lang='lat' dir='ltr'>cum</span> <span class='ocrx_word' id='word_1_180' title='bbox 988 1896 1269 1958; x_wconf 61' lang='lat' dir='ltr'>insti-iptione</span> 
     </span>
     <span class='ocr_line' id='line_1_29' title="bbox 272 1963 1320 2022; baseline 0.003 -14"><span class='ocrx_word' id='word_1_181' title='bbox 272 1964 540 2008; x_wconf 76' lang='lat' dir='ltr'><strong>PANEM</strong></span> <span class='ocrx_word' id='word_1_182' title='bbox 622 1963 790 2008; x_wconf 82' lang='lat' dir='ltr'>NON</span> <span class='ocrx_word' id='word_1_183' title='bbox 883 1963 1320 2022; x_wconf 46' lang='lat' dir='ltr'><strong>FULMINA„</strong></span> 
     </span>
     <span class='ocr_line' id='line_1_30' title="bbox 271 2028 1266 2092; baseline 0.003 -19"><span class='ocrx_word' id='word_1_184' title='bbox 271 2029 386 2074; x_wconf 77' lang='lat' dir='ltr'>Item</span> <span class='ocrx_word' id='word_1_185' title='bbox 402 2028 454 2073; x_wconf 75' lang='lat' dir='ltr'>ali</span> <span class='ocrx_word' id='word_1_186' title='bbox 460 2030 472 2074; x_wconf 84' lang='lat' dir='ltr'>i</span> <span class='ocrx_word' id='word_1_187' title='bbox 486 2032 633 2092; x_wconf 79' lang='lat' dir='ltr'>Reges</span> <span class='ocrx_word' id='word_1_188' title='bbox 648 2063 661 2082; x_wconf 89' lang='lat'>‚</span> <span class='ocrx_word' id='word_1_189' title='bbox 685 2028 902 2090; x_wconf 84' lang='lat' dir='ltr'>Principes</span> <span class='ocrx_word' id='word_1_190' title='bbox 917 2063 930 2082; x_wconf 84' lang='grc'>,</span> <span class='ocrx_word' id='word_1_191' title='bbox 948 2028 1238 2076; x_wconf 80' lang='lat' dir='ltr'>Viriillustres</span> <span class='ocrx_word' id='word_1_192' title='bbox 1252 2064 1266 2084; x_wconf 86' lang='lat'>,</span> 
     </span>
     <span class='ocr_line' id='line_1_31' title="bbox 270 2091 1264 2155; baseline 0.002 -16"><span class='ocrx_word' id='word_1_193' title='bbox 270 2091 377 2139; x_wconf 70' lang='lat' dir='ltr'>cum</span> <span class='ocrx_word' id='word_1_194' title='bbox 395 2094 617 2155; x_wconf 71' lang='lat' dir='ltr'>Symbolis</span> <span class='ocrx_word' id='word_1_195' title='bbox 633 2111 723 2140; x_wconf 87' lang='lat' dir='ltr'>non</span> <span class='ocrx_word' id='word_1_196' title='bbox 737 2105 978 2148; x_wconf 85' lang='lat' dir='ltr'>uterentur,</span> <span class='ocrx_word' id='word_1_197' title='bbox 995 2095 1190 2142; x_wconf 85' lang='lat' dir='ltr'>salutaria</span> <span class='ocrx_word' id='word_1_198' title='bbox 1203 2107 1264 2141; x_wconf 86' lang='lat' dir='ltr'>ta-</span> 
     </span>
     <span class='ocr_line' id='line_1_32' title="bbox 267 2159 1265 2226; baseline 0.002 -21"><span class='ocrx_word' id='word_1_199' title='bbox 267 2175 375 2205; x_wconf 80' lang='lat' dir='ltr'>men</span> <span class='ocrx_word' id='word_1_200' title='bbox 398 2159 575 2209; x_wconf 55' lang='lat' dir='ltr'>dicteria</span> <span class='ocrx_word' id='word_1_201' title='bbox 614 2163 657 2207; x_wconf 69' lang='lat'>8:</span> <span class='ocrx_word' id='word_1_202' title='bbox 692 2161 884 2222; x_wconf 81' lang='lat' dir='ltr'>potiores</span> <span class='ocrx_word' id='word_1_203' title='bbox 909 2159 1133 2208; x_wconf 83' lang='lat' dir='ltr'>sententias</span> <span class='ocrx_word' id='word_1_204' title='bbox 1168 2177 1265 2226; x_wconf 84' lang='lat' dir='ltr'>gra-</span> 
     </span>
     <span class='ocr_line' id='line_1_33' title="bbox 1137 2243 1320 2289; baseline 0.011 -16"><span class='ocrx_word' id='word_1_205' title='bbox 1137 2243 1264 2274; x_wconf 75' lang='lat' dir='ltr'>vium</span> <span class='ocrx_word' id='word_1_206' title='bbox 1319 2264 1320 2289; x_wconf 29' lang='lat'>¹</span> 
     </span>
    </p>
   </div>
  </div>
 </body>
</html>
