<?xml version="1.0" encoding="UTF-8"?>
<!DOCTYPE html PUBLIC "-//W3C//DTD XHTML 1.0 Transitional//EN"
    "http://www.w3.org/TR/xhtml1/DTD/xhtml1-transitional.dtd">
<html xmlns="http://www.w3.org/1999/xhtml" xml:lang="en" lang="en">
 <head>
  <title>
</title>
<meta http-equiv="Content-Type" content="text/html;charset=utf-8" />
  <meta name='ocr-system' content='tesseract 3.04.00' />
  <meta name='ocr-capabilities' content='ocr_page ocr_carea ocr_par ocr_line ocrx_word'/>
</head>
<body>
  <div class='ocr_page' id='page_1' title='image "./andreaemaximilia00fred_0123.png"; bbox 0 0 1320 2490; ppageno 0'>
   <div class='ocr_carea' id='block_1_1' title="bbox 202 130 1057 198">
    <p class='ocr_par' dir='ltr' id='par_1_1' title="bbox 202 130 1057 198">
     <span class='ocr_line' id='line_1_1' title="bbox 202 130 1057 198; baseline 0.002 -19"><span class='ocrx_word' id='word_1_1' title='bbox 202 137 442 181; x_wconf 62' lang='lat' dir='ltr'>Scmrvr.</span> <span class='ocrx_word' id='word_1_2' title='bbox 489 130 922 185; x_wconf 50' lang='lat' dir='ltr'>Fnacmen‘ra(</span> <span class='ocrx_word' id='word_1_3' title='bbox 975 151 1057 198; x_wconf 80' lang='lat'>1¹3</span> 
     </span>
    </p>
   </div>
   <div class='ocr_carea' id='block_1_2' title="bbox 26 221 1079 2317">
    <p class='ocr_par' dir='ltr' id='par_1_2' title="bbox 65 221 1059 402">
     <span class='ocr_line' id='line_1_2' title="bbox 138 221 1059 271; baseline 0.004 -4"><span class='ocrx_word' id='word_1_4' title='bbox 138 222 450 269; x_wconf 80' lang='lat' dir='ltr'>Maximorum</span> <span class='ocrx_word' id='word_1_5' title='bbox 461 238 722 268; x_wconf 86' lang='lat' dir='ltr'>arcanorum</span> <span class='ocrx_word' id='word_1_6' title='bbox 736 225 781 269; x_wconf 65' lang='grc' dir='ltr'>ὃς</span> <span class='ocrx_word' id='word_1_7' title='bbox 795 221 1059 271; x_wconf 86' lang='lat' dir='ltr'>secretorum</span> 
     </span>
     <span class='ocr_line' id='line_1_3' title="bbox 71 287 1056 355; baseline 0.002 -21"><span class='ocrx_word' id='word_1_8' title='bbox 71 287 343 349; x_wconf 89' lang='lat' dir='ltr'>Reipublicae</span> <span class='ocrx_word' id='word_1_9' title='bbox 356 287 518 334; x_wconf 87' lang='lat' dir='ltr'>conscii</span> <span class='ocrx_word' id='word_1_10' title='bbox 531 305 622 334; x_wconf 89' lang='lat' dir='ltr'>non</span> <span class='ocrx_word' id='word_1_11' title='bbox 635 289 867 336; x_wconf 78' lang='lat' dir='ltr'>mittantur</span> <span class='ocrx_word' id='word_1_12' title='bbox 887 290 934 336; x_wconf 86' lang='lat' dir='ltr'>in</span> <span class='ocrx_word' id='word_1_13' title='bbox 945 290 1056 355; x_wconf 88' lang='lat' dir='ltr'>lega·</span> 
     </span>
     <span class='ocr_line' id='line_1_4' title="bbox 65 354 815 407; baseline 0.001 -7"><span class='ocrx_word' id='word_1_14' title='bbox 65 354 263 407; x_wconf 88' lang='lat' dir='ltr'>tionem,</span> <span class='ocrx_word' id='word_1_15' title='bbox 279 354 420 401; x_wconf 89' lang='lat' dir='ltr'>multa</span> <span class='ocrx_word' id='word_1_16' title='bbox 433 357 478 402; x_wconf 85' lang='lat'>&amp;</span> <span class='ocrx_word' id='word_1_17' title='bbox 487 371 515 398; x_wconf 87' lang='lat' dir='ltr'><strong>v</strong></span> <span class='ocrx_word' id='word_1_18' title='bbox 515 354 599 401; x_wconf 86' lang='lat' dir='ltr'>aria</span> <span class='ocrx_word' id='word_1_19' title='bbox 612 371 669 400; x_wconf 84' lang='lat' dir='ltr'>ex</span> <span class='ocrx_word' id='word_1_20' title='bbox 680 354 815 401; x_wconf 70' lang='lat' dir='ltr'>causa</span> 
     </span>
    </p>

    <p class='ocr_par' dir='ltr' id='par_1_3' title="bbox 69 419 1119 682">
     <span class='ocr_line' id='line_1_5' title="bbox 134 419 1068 484; baseline 0.003 -19"><span class='ocrx_word' id='word_1_21' title='bbox 134 420 318 474; x_wconf 83' lang='lat' dir='ltr'>Tristia,</span> <span class='ocrx_word' id='word_1_22' title='bbox 346 420 551 474; x_wconf 71' lang='lat' dir='ltr'>morosa,</span> <span class='ocrx_word' id='word_1_23' title='bbox 582 423 627 467; x_wconf 87' lang='lat'>&amp;</span> <span class='ocrx_word' id='word_1_24' title='bbox 652 420 856 467; x_wconf 85' lang='lat' dir='ltr'>fastuosa</span> <span class='ocrx_word' id='word_1_25' title='bbox 844 437 1018 484; x_wconf 73' lang='lat' dir='ltr'>moenia</span> <span class='ocrx_word' id='word_1_26' title='bbox 1039 419 1068 480; x_wconf 59' lang='grc' dir='ltr'>ἐι,</span> 
     </span>
     <span class='ocr_line' id='line_1_6' title="bbox 70 484 1063 550; baseline 0.003 -19"><span class='ocrx_word' id='word_1_27' title='bbox 70 484 357 550; x_wconf 80' lang='lat' dir='ltr'>legationibus</span> <span class='ocrx_word' id='word_1_28' title='bbox 369 488 550 533; x_wconf 89' lang='lat' dir='ltr'>arcenda</span> <span class='ocrx_word' id='word_1_29' title='bbox 564 521 576 539; x_wconf 95' lang='lat'><strong><em>,</em></strong></span> <span class='ocrx_word' id='word_1_30' title='bbox 601 486 847 533; x_wconf 74' lang='lat' dir='ltr'>nihss‘enim</span> <span class='ocrx_word' id='word_1_31' title='bbox 857 486 1063 534; x_wconf 77' lang='lat' dir='ltr'>adferunt</span> 
     </span>
     <span class='ocr_line' id='line_1_7' title="bbox 69 551 1064 614; baseline 0.003 -16"><span class='ocrx_word' id='word_1_32' title='bbox 69 563 225 614; x_wconf 86' lang='lat' dir='ltr'>praeter</span> <span class='ocrx_word' id='word_1_33' title='bbox 256 551 630 599; x_wconf 81' lang='lat' dir='ltr'>exacerbationem</span> <span class='ocrx_word' id='word_1_34' title='bbox 654 587 666 606; x_wconf 94' lang='lat'>,</span> <span class='ocrx_word' id='word_1_35' title='bbox 713 568 800 598; x_wconf 86' lang='lat' dir='ltr'>una</span> <span class='ocrx_word' id='word_1_36' title='bbox 833 553 1064 601; x_wconf 76' lang='lat' dir='ltr'>morofit‘as</span> 
     </span>
     <span class='ocr_line' id='line_1_8' title="bbox 69 617 918 682; baseline 0.002 -20"><span class='ocrx_word' id='word_1_37' title='bbox 69 630 280 682; x_wconf 85' lang='lat' dir='ltr'>provocat</span> <span class='ocrx_word' id='word_1_38' title='bbox 294 619 448 673; x_wconf 86' lang='lat' dir='ltr'>aliam,</span> <span class='ocrx_word' id='word_1_39' title='bbox 459 618 670 665; x_wconf 82' lang='lat' dir='ltr'>acerbitas·</span> <span class='ocrx_word' id='word_1_40' title='bbox 673 634 760 664; x_wconf 89' lang='lat' dir='ltr'>una</span> <span class='ocrx_word' id='word_1_41' title='bbox 770 617 918 665; x_wconf 66' lang='lat' dir='ltr'>aliaml</span> 
     </span>
    </p>

    <p class='ocr_par' dir='ltr' id='par_1_4' title="bbox 69 681 1065 815">
     <span class='ocr_line' id='line_1_9' title="bbox 137 681 1065 779; baseline 0.003 -50"><span class='ocrx_word' id='word_1_42' title='bbox 137 685 492 732; x_wconf 85' lang='lat' dir='ltr'>Diffimulativa</span> <span class='ocrx_word' id='word_1_43' title='bbox 479 685 653 750; x_wconf 73' lang='lat' dir='ltr'>ingenia</span> <span class='ocrx_word' id='word_1_44' title='bbox 663 683 732 731; x_wconf 87' lang='lat' dir='ltr'>vel</span> <span class='ocrx_word' id='word_1_45' title='bbox 745 681 944 732; x_wconf 73' lang='lat' dir='ltr'>maxime</span> <span class='ocrx_word' id='word_1_46' title='bbox 969 696 1065 779; x_wconf 81' lang='lat' dir='ltr'>apta</span> 
     </span>
     <span class='ocr_line' id='line_1_10' title="bbox 69 748 616 815; baseline 0.002 -18"><span class='ocrx_word' id='word_1_47' title='bbox 69 748 172 797; x_wconf 87' lang='lat' dir='ltr'>sunt</span> <span class='ocrx_word' id='word_1_48' title='bbox 183 751 363 814; x_wconf 85' lang='lat' dir='ltr'>negotio</span> <span class='ocrx_word' id='word_1_49' title='bbox 375 751 616 815; x_wconf 85' lang='lat' dir='ltr'>legationis.</span> 
     </span>
    </p>

    <p class='ocr_par' dir='ltr' id='par_1_5' title="bbox 67 778 1068 1080">
     <span class='ocr_line' id='line_1_11' title="bbox 136 778 1067 882; baseline 0 -19"><span class='ocrx_word' id='word_1_50' title='bbox 136 818 248 863; x_wconf 91' lang='lat' dir='ltr'>Non</span> <span class='ocrx_word' id='word_1_51' title='bbox 262 818 467 864; x_wconf 84' lang='lat' dir='ltr'>mittendi</span> <span class='ocrx_word' id='word_1_52' title='bbox 485 817 641 882; x_wconf 82' lang='lat' dir='ltr'>legati,</span> <span class='ocrx_word' id='word_1_53' title='bbox 665 833 743 881; x_wconf 77' lang='lat' dir='ltr'>qui</span> <span class='ocrx_word' id='word_1_54' title='bbox 731 816 856 865; x_wconf 84' lang='lat' dir='ltr'>odio</span> <span class='ocrx_word' id='word_1_55' title='bbox 867 778 1067 864; x_wconf 84' lang='lat' dir='ltr'>laborant</span> 
     </span>
     <span class='ocr_line' id='line_1_12' title="bbox 67 883 1068 959; baseline 0.001 -31"><span class='ocrx_word' id='word_1_56' title='bbox 67 883 182 956; x_wconf 83' lang='lat' dir='ltr'>apud</span> <span class='ocrx_word' id='word_1_57' title='bbox 206 900 307 936; x_wconf 89' lang='lat' dir='ltr'>eos,</span> <span class='ocrx_word' id='word_1_58' title='bbox 328 884 381 929; x_wconf 87' lang='lat' dir='ltr'>ad</span> <span class='ocrx_word' id='word_1_59' title='bbox 404 900 516 947; x_wconf 88' lang='lat' dir='ltr'>quos</span> <span class='ocrx_word' id='word_1_60' title='bbox 540 884 804 939; x_wconf 89' lang='lat' dir='ltr'>mittuntur,</span> <span class='ocrx_word' id='word_1_61' title='bbox 826 894 1068 959; x_wconf 82' lang='lat' dir='ltr'>potuerunt</span> 
     </span>
     <span class='ocr_line' id='line_1_13' title="bbox 71 949 1068 1012; baseline 0.001 -18"><span class='ocrx_word' id='word_1_62' title='bbox 71 949 194 994; x_wconf 88' lang='lat' dir='ltr'>enim</span> <span class='ocrx_word' id='word_1_63' title='bbox 217 961 290 994; x_wconf 88' lang='lat' dir='ltr'>aut</span> <span class='ocrx_word' id='word_1_64' title='bbox 301 949 462 1012; x_wconf 87' lang='lat' dir='ltr'>scripto</span> <span class='ocrx_word' id='word_1_65' title='bbox 472 950 646 1012; x_wconf 90' lang='lat' dir='ltr'>aliquo,</span> <span class='ocrx_word' id='word_1_66' title='bbox 672 961 745 996; x_wconf 91' lang='lat' dir='ltr'>aut</span> <span class='ocrx_word' id='word_1_67' title='bbox 755 950 973 1004; x_wconf 87' lang='lat' dir='ltr'>convitio,</span> <span class='ocrx_word' id='word_1_68' title='bbox 993 960 1068 995; x_wconf 85' lang='lat' dir='ltr'>aut</span> 
     </span>
     <span class='ocr_line' id='line_1_14' title="bbox 69 1014 1064 1080; baseline 0.002 -20"><span class='ocrx_word' id='word_1_69' title='bbox 69 1014 215 1078; x_wconf 77' lang='lat' dir='ltr'>aliqua</span> <span class='ocrx_word' id='word_1_70' title='bbox 225 1031 272 1060; x_wconf 90' lang='lat' dir='ltr'>re</span> <span class='ocrx_word' id='word_1_71' title='bbox 283 1015 441 1061; x_wconf 85' lang='lat' dir='ltr'>odium</span> <span class='ocrx_word' id='word_1_72' title='bbox 452 1015 531 1061; x_wconf 84' lang='lat' dir='ltr'>fibi</span> <span class='ocrx_word' id='word_1_73' title='bbox 543 1032 690 1078; x_wconf 84' lang='lat' dir='ltr'>parare</span> <span class='ocrx_word' id='word_1_74' title='bbox 703 1028 893 1072; x_wconf 83' lang='lat' dir='ltr'>externae</span> <span class='ocrx_word' id='word_1_75' title='bbox 905 1015 1064 1080; x_wconf 88' lang='lat' dir='ltr'>gentis</span> 
     </span>
    </p>

    <p class='ocr_par' dir='ltr' id='par_1_6' title="bbox 71 1080 1066 1212">
     <span class='ocr_line' id='line_1_15' title="bbox 137 1080 1066 1146; baseline 0.003 -19"><span class='ocrx_word' id='word_1_76' title='bbox 137 1080 421 1138; x_wconf 83' lang='lat' dir='ltr'>Mediocritas</span> <span class='ocrx_word' id='word_1_77' title='bbox 435 1081 511 1127; x_wconf 88' lang='lat' dir='ltr'>fit</span> <span class='ocrx_word' id='word_1_78' title='bbox 498 1099 544 1128; x_wconf 91' lang='lat' dir='ltr'>1n</span> <span class='ocrx_word' id='word_1_79' title='bbox 559 1081 687 1146; x_wconf 85' lang='lat' dir='ltr'>legati</span> <span class='ocrx_word' id='word_1_80' title='bbox 703 1083 945 1135; x_wconf 81' lang='lat' dir='ltr'>comitatu,</span> <span class='ocrx_word' id='word_1_81' title='bbox 969 1097 1066 1144; x_wconf 86' lang='lat' dir='ltr'>par-</span> 
     </span>
     <span class='ocr_line' id='line_1_16' title="bbox 71 1145 1065 1212; baseline 0.003 -21"><span class='ocrx_word' id='word_1_82' title='bbox 71 1162 124 1193; x_wconf 86' lang='lat' dir='ltr'>va</span> <span class='ocrx_word' id='word_1_83' title='bbox 136 1147 255 1193; x_wconf 88' lang='lat' dir='ltr'>enim</span> <span class='ocrx_word' id='word_1_84' title='bbox 270 1147 360 1193; x_wconf 87' lang='lat' dir='ltr'>laus</span> <span class='ocrx_word' id='word_1_85' title='bbox 374 1151 419 1194; x_wconf 70' lang='grc' dir='ltr'>δε</span> <span class='ocrx_word' id='word_1_86' title='bbox 431 1147 551 1193; x_wconf 81' lang='lat' dir='ltr'>brevi</span> <span class='ocrx_word' id='word_1_87' title='bbox 564 1148 790 1202; x_wconf 86' lang='lat' dir='ltr'>duratura,</span> <span class='ocrx_word' id='word_1_88' title='bbox 805 1165 905 1211; x_wconf 84' lang='lat' dir='ltr'>quae</span> <span class='ocrx_word' id='word_1_89' title='bbox 916 1145 1065 1212; x_wconf 86' lang='lat' dir='ltr'>alega-</span> 
     </span>
    </p>

    <p class='ocr_par' dir='ltr' id='par_1_7' title="bbox 26 1213 1068 1406">
     <span class='ocr_line' id='line_1_17' title="bbox 26 1213 1068 1276; baseline 0.001 -18"><span class='ocrx_word' id='word_1_90' title='bbox 26 1231 27 1234; x_wconf 59' lang='grc'>’</span> <span class='ocrx_word' id='word_1_91' title='bbox 72 1213 107 1258; x_wconf 83' lang='lat' dir='ltr'>ti</span> <span class='ocrx_word' id='word_1_92' title='bbox 142 1228 309 1276; x_wconf 88' lang='lat' dir='ltr'>pompa</span> <span class='ocrx_word' id='word_1_93' title='bbox 332 1226 506 1275; x_wconf 86' lang='lat' dir='ltr'>paratur</span> <span class='ocrx_word' id='word_1_94' title='bbox 530 1217 607 1275; x_wconf 63' lang='grc' dir='ltr'>(ὃς</span> <span class='ocrx_word' id='word_1_95' title='bbox 628 1214 773 1276; x_wconf 86' lang='lat' dir='ltr'>potius</span> <span class='ocrx_word' id='word_1_96' title='bbox 798 1214 1068 1276; x_wconf 85' lang='lat' dir='ltr'>importunae</span> 
     </span>
     <span class='ocr_line' id='line_1_18' title="bbox 72 1279 1066 1336; baseline 0.001 -12"><span class='ocrx_word' id='word_1_97' title='bbox 72 1279 369 1325; x_wconf 85' lang='lat' dir='ltr'>ostentationis</span> <span class='ocrx_word' id='word_1_98' title='bbox 403 1279 632 1326; x_wconf 79' lang='lat' dir='ltr'>censuram</span> <span class='ocrx_word' id='word_1_99' title='bbox 663 1280 887 1336; x_wconf 81' lang='lat' dir='ltr'>meretur)</span> <span class='ocrx_word' id='word_1_100' title='bbox 925 1279 1066 1325; x_wconf 83' lang='lat' dir='ltr'>maxi-</span> 
     </span>
     <span class='ocr_line' id='line_1_19' title="bbox 72 1343 1067 1406; baseline 0 -16"><span class='ocrx_word' id='word_1_101' title='bbox 72 1360 206 1391; x_wconf 89' lang='lat' dir='ltr'>mum</span> <span class='ocrx_word' id='word_1_102' title='bbox 228 1343 332 1390; x_wconf 75' lang='lat' dir='ltr'>vero</span> <span class='ocrx_word' id='word_1_103' title='bbox 356 1344 602 1397; x_wconf 88' lang='lat' dir='ltr'>damnum,</span> <span class='ocrx_word' id='word_1_104' title='bbox 628 1346 739 1390; x_wconf 88' lang='lat' dir='ltr'>dum</span> <span class='ocrx_word' id='word_1_105' title='bbox 763 1345 963 1390; x_wconf 85' lang='lat' dir='ltr'>aerarium</span> <span class='ocrx_word' id='word_1_106' title='bbox 987 1360 1067 1406; x_wconf 91' lang='lat' dir='ltr'>pu-</span> 
     </span>
    </p>

    <p class='ocr_par' dir='ltr' id='par_1_8' title="bbox 71 1410 1072 1671">
     <span class='ocr_line' id='line_1_20' title="bbox 71 1410 1070 1490; baseline 0 -34"><span class='ocrx_word' id='word_1_107' title='bbox 71 1410 276 1457; x_wconf 85' lang='lat' dir='ltr'>blicum&#39;</span> <span class='ocrx_word' id='word_1_108' title='bbox 265 1413 464 1489; x_wconf 62' lang='lat' dir='ltr'>impensa</span> <span class='ocrx_word' id='word_1_109' title='bbox 481 1416 709 1474; x_wconf 81' lang='lat' dir='ltr'>gravatur,</span> <span class='ocrx_word' id='word_1_110' title='bbox 748 1410 905 1490; x_wconf 84' lang='lat' dir='ltr'>legatio</span> <span class='ocrx_word' id='word_1_111' title='bbox 930 1410 1070 1474; x_wconf 84' lang='lat' dir='ltr'>magis</span> 
     </span>
     <span class='ocr_line' id='line_1_21' title="bbox 72 1474 1069 1547; baseline 0.001 -25"><span class='ocrx_word' id='word_1_112' title='bbox 72 1474 365 1547; x_wconf 83' lang='lat' dir='ltr'>ponderatur</span> <span class='ocrx_word' id='word_1_113' title='bbox 349 1493 371 1521; x_wconf 87' lang='lat' dir='ltr'>a</span> <span class='ocrx_word' id='word_1_114' title='bbox 382 1477 609 1538; x_wconf 83' lang='lat' dir='ltr'>prudentia</span> <span class='ocrx_word' id='word_1_115' title='bbox 620 1476 727 1528; x_wconf 83' lang='lat' dir='ltr'>viri,</span> <span class='ocrx_word' id='word_1_116' title='bbox 753 1493 844 1523; x_wconf 86' lang='lat' dir='ltr'>non</span> <span class='ocrx_word' id='word_1_117' title='bbox 856 1494 880 1521; x_wconf 86' lang='lat' dir='ltr'>a</span> <span class='ocrx_word' id='word_1_118' title='bbox 892 1476 977 1522; x_wconf 90' lang='lat' dir='ltr'>levi</span> <span class='ocrx_word' id='word_1_119' title='bbox 993 1493 1069 1523; x_wconf 81' lang='lat' dir='ltr'>ex-</span> 
     </span>
     <span class='ocr_line' id='line_1_22' title="bbox 72 1538 1072 1606; baseline 0.001 -20"><span class='ocrx_word' id='word_1_120' title='bbox 72 1538 274 1605; x_wconf 82' lang='lat' dir='ltr'>terorum</span> <span class='ocrx_word' id='word_1_121' title='bbox 307 1542 687 1596; x_wconf 83' lang='lat' dir='ltr'>ostentatiuncula,</span> <span class='ocrx_word' id='word_1_122' title='bbox 725 1558 981 1606; x_wconf 79' lang='lat' dir='ltr'>quanquam</span> <span class='ocrx_word' id='word_1_123' title='bbox 1017 1559 1072 1589; x_wconf 87' lang='lat' dir='ltr'>ne</span> 
     </span>
     <span class='ocr_line' id='line_1_23' title="bbox 77 1602 682 1672; baseline 0.003 -20"><span class='ocrx_word' id='word_1_124' title='bbox 77 1602 185 1652; x_wconf 84' lang='lat' dir='ltr'>iniis</span> <span class='ocrx_word' id='word_1_125' title='bbox 198 1606 395 1654; x_wconf 83' lang='lat' dir='ltr'>honestas</span> <span class='ocrx_word' id='word_1_126' title='bbox 409 1607 682 1672; x_wconf 84' lang='lat' dir='ltr'>negligenda.</span> 
     </span>
    </p>

    <p class='ocr_par' dir='ltr' id='par_1_9' title="bbox 27 1672 1076 2132">
     <span class='ocr_line' id='line_1_24' title="bbox 144 1672 1072 1737; baseline 0.002 -20"><span class='ocrx_word' id='word_1_127' title='bbox 144 1673 236 1718; x_wconf 90' lang='lat' dir='ltr'>Fit</span> <span class='ocrx_word' id='word_1_128' title='bbox 246 1672 507 1735; x_wconf 73' lang='lat' dir='ltr'>aliquando,</span> <span class='ocrx_word' id='word_1_129' title='bbox 544 1686 596 1720; x_wconf 86' lang='lat' dir='ltr'>ut</span> <span class='ocrx_word' id='word_1_130' title='bbox 628 1674 861 1720; x_wconf 80' lang='lat' dir='ltr'>mittantur</span> <span class='ocrx_word' id='word_1_131' title='bbox 895 1675 1072 1737; x_wconf 78' lang='lat' dir='ltr'>agentes</span> 
     </span>
     <span class='ocr_line' id='line_1_25' title="bbox 27 1738 1068 1804; baseline 0.001 -20"><span class='ocrx_word' id='word_1_132' title='bbox 27 1801 30 1804; x_wconf 13' lang='grc' dir='ltr'><em>Δ</em></span> <span class='ocrx_word' id='word_1_133' title='bbox 79 1754 185 1784; x_wconf 90' lang='lat' dir='ltr'>cum</span> <span class='ocrx_word' id='word_1_134' title='bbox 199 1738 366 1802; x_wconf 49' lang='lat' dir='ltr'>legatia</span> <span class='ocrx_word' id='word_1_135' title='bbox 384 1739 502 1800; x_wconf 90' lang='lat' dir='ltr'>quafi</span> <span class='ocrx_word' id='word_1_136' title='bbox 515 1756 666 1785; x_wconf 85' lang='lat' dir='ltr'>rerum</span> <span class='ocrx_word' id='word_1_137' title='bbox 680 1739 850 1786; x_wconf 83' lang='lat' dir='ltr'>levioris</span> <span class='ocrx_word' id='word_1_138' title='bbox 862 1755 1068 1785; x_wconf 89' lang='lat' dir='ltr'>momen-</span> 
     </span>
     <span class='ocr_line' id='line_1_26' title="bbox 75 1803 1074 1867; baseline -0.002 -16"><span class='ocrx_word' id='word_1_139' title='bbox 75 1817 111 1851; x_wconf 76' lang='lat' dir='ltr'>t]</span> <span class='ocrx_word' id='word_1_140' title='bbox 134 1815 434 1866; x_wconf 85' lang='lat' dir='ltr'>procuratores</span> <span class='ocrx_word' id='word_1_141' title='bbox 451 1838 463 1857; x_wconf 92' lang='lat'>‚</span> <span class='ocrx_word' id='word_1_142' title='bbox 500 1803 601 1850; x_wconf 71' lang='lat' dir='ltr'>vere</span> <span class='ocrx_word' id='word_1_143' title='bbox 625 1817 776 1850; x_wconf 85' lang='lat' dir='ltr'>autem</span> <span class='ocrx_word' id='word_1_144' title='bbox 798 1808 952 1851; x_wconf 78' lang='lat' dir='ltr'>earum</span> <span class='ocrx_word' id='word_1_145' title='bbox 974 1820 1074 1867; x_wconf 85' lang='lat' dir='ltr'>quae</span> 
     </span>
     <span class='ocr_line' id='line_1_27' title="bbox 78 1867 1076 1934; baseline 0 -18"><span class='ocrx_word' id='word_1_146' title='bbox 78 1867 278 1916; x_wconf 75' lang='lat' dir='ltr'>maxime</span> <span class='ocrx_word' id='word_1_147' title='bbox 304 1881 610 1932; x_wconf 47' lang='lat' dir='ltr'>appetuntur„</span> <span class='ocrx_word' id='word_1_148' title='bbox 628 1883 679 1916; x_wconf 82' lang='lat' dir='ltr'>ut</span> <span class='ocrx_word' id='word_1_149' title='bbox 712 1870 878 1934; x_wconf 82' lang='lat' dir='ltr'>legatus</span> <span class='ocrx_word' id='word_1_150' title='bbox 914 1871 1076 1916; x_wconf 61' lang='lat' dir='ltr'>interea</span> 
     </span>
     <span class='ocr_line' id='line_1_28' title="bbox 77 1935 1076 2000; baseline 0 -19"><span class='ocrx_word' id='word_1_151' title='bbox 77 1936 198 1998; x_wconf 85' lang='lat' dir='ltr'>quafi</span> <span class='ocrx_word' id='word_1_152' title='bbox 236 1935 399 1982; x_wconf 85' lang='lat' dir='ltr'>nescius</span> <span class='ocrx_word' id='word_1_153' title='bbox 416 1971 428 1989; x_wconf 92' lang='lat'>‚</span> <span class='ocrx_word' id='word_1_154' title='bbox 454 1935 827 1982; x_wconf 82' lang='lat' dir='ltr'>incuriusvealiud</span> <span class='ocrx_word' id='word_1_155' title='bbox 850 1948 973 2000; x_wconf 77' lang='lat' dir='ltr'>agat3</span> <span class='ocrx_word' id='word_1_156' title='bbox 1010 1935 1076 1982; x_wconf 81' lang='lat' dir='ltr'>illi</span> 
     </span>
     <span class='ocr_line' id='line_1_29' title="bbox 53 2000 1076 2065; baseline 0.002 -19"><span class='ocrx_word' id='word_1_157' title='bbox 53 2030 56 2032; x_wconf 21' lang='grc' dir='ltr'><strong>Δ</strong></span> <span class='ocrx_word' id='word_1_158' title='bbox 79 2000 185 2047; x_wconf 74' lang='lat' dir='ltr'>vero</span> <span class='ocrx_word' id='word_1_159' title='bbox 211 2001 389 2047; x_wconf 83' lang='lat' dir='ltr'>interim</span> <span class='ocrx_word' id='word_1_160' title='bbox 412 2018 507 2047; x_wconf 89' lang='lat' dir='ltr'>rem</span> <span class='ocrx_word' id='word_1_161' title='bbox 536 2002 848 2065; x_wconf 81' lang='lat' dir='ltr'>exsequantur,</span> <span class='ocrx_word' id='word_1_162' title='bbox 883 2019 932 2048; x_wconf 90' lang='lat' dir='ltr'>ea</span> <span class='ocrx_word' id='word_1_163' title='bbox 955 2003 1076 2048; x_wconf 88' lang='lat' dir='ltr'>velut</span> 
     </span>
     <span class='ocr_line' id='line_1_30' title="bbox 81 2066 1030 2132; baseline 0.003 -20"><span class='ocrx_word' id='word_1_164' title='bbox 81 2084 174 2113; x_wconf 91' lang='lat' dir='ltr'>non</span> <span class='ocrx_word' id='word_1_165' title='bbox 187 2069 380 2113; x_wconf 86' lang='lat' dir='ltr'>curando</span> <span class='ocrx_word' id='word_1_166' title='bbox 394 2103 406 2121; x_wconf 90' lang='lat'>‚</span> <span class='ocrx_word' id='word_1_167' title='bbox 432 2085 532 2132; x_wconf 86' lang='lat' dir='ltr'>quae</span> <span class='ocrx_word' id='word_1_168' title='bbox 545 2066 742 2115; x_wconf 70' lang='lat' dir='ltr'>maxime</span> <span class='ocrx_word' id='word_1_169' title='bbox 755 2081 1030 2131; x_wconf 86' lang='lat' dir='ltr'>quaeruntur.</span> 
     </span>
    </p>

    <p class='ocr_par' dir='ltr' id='par_1_10' title="bbox 80 2134 1076 2266">
     <span class='ocr_line' id='line_1_31' title="bbox 148 2134 1076 2198; baseline 0.002 -20"><span class='ocrx_word' id='word_1_170' title='bbox 148 2136 260 2179; x_wconf 92' lang='lat' dir='ltr'>Non</span> <span class='ocrx_word' id='word_1_171' title='bbox 282 2135 501 2180; x_wconf 68' lang='lat' dir='ltr'>Dostores</span> <span class='ocrx_word' id='word_1_172' title='bbox 537 2137 582 2181; x_wconf 63' lang='lat' dir='ltr'>&amp;c</span> <span class='ocrx_word' id='word_1_173' title='bbox 605 2134 878 2198; x_wconf 78' lang='lat' dir='ltr'>speculativi,</span> <span class='ocrx_word' id='word_1_174' title='bbox 915 2150 1076 2182; x_wconf 89' lang='lat' dir='ltr'>verum</span> 
     </span>
     <span class='ocr_line' id='line_1_32' title="bbox 80 2199 1073 2266; baseline -0.002 -20"><span class='ocrx_word' id='word_1_175' title='bbox 80 2199 263 2262; x_wconf 68' lang='lat' dir='ltr'>praCtici</span> <span class='ocrx_word' id='word_1_176' title='bbox 274 2203 318 2248; x_wconf 65' lang='grc' dir='ltr'>ἃ</span> <span class='ocrx_word' id='word_1_177' title='bbox 333 2200 554 2265; x_wconf 86' lang='lat' dir='ltr'>sanguinei</span> <span class='ocrx_word' id='word_1_178' title='bbox 565 2201 668 2249; x_wconf 85' lang='lat' dir='ltr'>sunt</span> <span class='ocrx_word' id='word_1_179' title='bbox 678 2202 838 2266; x_wconf 86' lang='lat' dir='ltr'>optimi</span> <span class='ocrx_word' id='word_1_180' title='bbox 850 2201 1073 2266; x_wconf 83' lang='lat' dir='ltr'>legationi.</span> 
     </span>
    </p>

    <p class='ocr_par' dir='ltr' id='par_1_11' title="bbox 565 2268 1079 2317">
     <span class='ocr_line' id='line_1_33' title="bbox 565 2268 1079 2317; baseline 0.002 0"><span class='ocrx_word' id='word_1_181' title='bbox 565 2306 573 2317; x_wconf 66' lang='lat'><em>2</em></span> <span class='ocrx_word' id='word_1_182' title='bbox 925 2268 1079 2313; x_wconf 79' lang='lat' dir='ltr'>Fama-</span> 
     </span>
    </p>
   </div>
  </div>
 </body>
</html>
