1320 2490
209 137 305 193 264
339 135 620 182 ANDREAE
657 131 816 177 MAx.
857 132 1104 177 Fnssnno

205 216 330 280 plura
341 215 394 260 ab
404 215 496 276 ejus
510 230 643 260 manu
668 215 913 277 accepimus
936 214 1072 260 bona:
1100 216 1206 260 Rex

206 298 313 344 ergo
335 297 576 342 purpuram
590 281 767 327 indutus
783 315 795 334 ,
810 280 975 326 throno
999 280 1202 332 infidens,

204 346 401 394 satellitio
428 346 750 402 circumfusus,
786 346 941 392 Palatia
971 346 1203 410 splendidis

201 412 444 461 mobilibus
478 425 627 458 ornata
660 412 903 458 inhabitans
918 446 930 465 ,
973 412 1202 474 opiparatis

204 477 366 524 mensis
397 494 478 540 pro
493 478 649 542 Regali
674 479 831 524 decore
843 478 1053 524 accubans
1068 512 1081 531 ,
1100 489 1202 539 pau·

201 543 421 608 per-[piritu
444 539 515 605 effe
529 540 649 608 potest
667 574 676 589 ,
703 544 815 590 dum
838 544 890 590 fit
912 543 1201 605 penes.virtu-

201 622 295 655 tem
320 609 565 663 modestus,
605 610 824 663 clemens,
851 610 1020 655 affluitis
1046 625 1201 671 prom·

200 688 302 739 ptus
316 709 328 727 ,
342 691 432 720 non
448 675 681 736 expilando
695 675 919 723 inferiores
931 686 982 720 ut
993 674 1058 737 abj
1065 675 1200 728 εᾶος,

198 741 274 787 sed
297 740 505 802 prompte}
528 742 722 802 juvando
735 754 784 787 ut
796 741 972 794 fratres3
999 751 1072 786 aut
1082 739 1202 786 stcus

200 823 258 853 ne
283 806 446 852 modici
468 807 596 871 agelli
619 807 826 869 possessor
863 806 1042 869 (quales
1064 805 1203 869 vulgo

200 888 407 935 pauperes
435 873 662 930 vocamus)
684 890 801 936 rapas
813 872 903 919 suas
917 876 961 919 δί
974 872 1202 934 polentam

199 938 244 983 in
259 937 420 983 deliciis
434 938 610 992 habens,
624 939 735 985 dum
751 939 900 1001 spiritu
915 938 1143 992 attollitur,
1156 952 1205 984 a·

198 1008 308 1050 nimo
322 1002 433 1051 dives
444 1005 528 1050 effe
539 1007 677 1067 potest
690 1008 733 1051 ὃς
746 1003 1204 1067 tumidus‚inquietus‚

197 1071 531 1123 avarus,caeteris
547 1071 927 1134 molestus‚g1·avis.
947 1073 1040 1116 Aut
1057 1070 1088 1115 fi
1101 1081 1196 1116 tan-

197 1136 304 1182 dem
328 1135 455 1183 alicui
465 1136 608 1199 placet
620 1136 862 1200 negleffior
876 1135 1195 1183 humaniorum

158 1241 161 1245 .
198 1216 325 1255 cura,
361 1211 464 1248 tum
485 1202 649 1249 allubet
670 1201 694 1249 ὲ
723 1214 984 1265 contemptu
1008 1202 1194 1249 caduco-

194 1282 300 1313 rum
321 1267 558 1330 perfeetior
580 1269 754 1315 vivendi
786 1271 947 1315 status?
964 1267 1094 1315 habes
1106 1267 1194 1314 cel-

193 1331 312 1385 lam,
341 1333 544 1387 claustra,
572 1333 784 1381 secessum
804 1330 816 1388 3'
845 1351 950 1380 nam
976 1334 1088 1380 inter
1111 1333 1194 1379 ho-

194 1398 338 1444 mines
361 1415 452 1444 non
467 1399 666 1445 humano
679 1400 800 1445 cultu
818 1400 983 1452 vivere,
1009 1415 1098 1444 non
1111 1399 1199 1444 effe

193 1465 415 1510 Catonem
430 1498 444 1517 ,
457 1464 527 1510 sed
542 1464 772 1510 barbarum
788 1466 861 1517 est3
877 1464 1036 1527 vulgus
1049 1476 1188 1510 exter-

194 1544 308 1575 num
322 1529 496 1576 cultum
509 1529 682 1590 suscipit
694 1564 706 1583 ,
730 1533 774 1577 &
789 1530 948 1576 exinde
971 1529 1188 1592 gravitatis

193 1594 454 1655 opinionem
481 1595 672 1658 concipit
695 1596 750 1641 de
771 1595 1060 1658 superioribus
1074 1631 1085 1650 ,
1110 1612 1192 1643 nec

191 1658 302 1706 illud
316 1662 437 1724 quod
453 1661 634 1716 metuit,
659 1662 730 1708 sed
757 1662 896 1726 magis
910 1662 1032 1725 quod
1057 1663 1189 1708 mira-

192 1736 267 1771 tur
293 1727 530 1774 &aestimat
554 1728 598 1773 in
625 1728 839 1790 personis,
866 1741 966 1774 tum
989 1744 1188 1774 reveren-

191 1791 303 1838 dum
319 1791 397 1838 fibi
409 1794 553 1840 statuit
565 1814 578 1848 5
605 1810 708 1839 nam
721 1811 819 1857 quae
843 1794 995 1840 oculos
1010 1794 1056 1840 in
1068 1794 1110 1840 se
1122 1811 1187 1840 ra·

162 1910 179 1914 ‚‚
187 1856 319 1917 pisunt
331 1893 343 1911 ,
359 1859 531 1920 rapiunt
544 1862 587 1906 ὃς
604 1859 790 1913 animos,
806 1859 971 1907 nudam
986 1860 1179 1922 plerum-

190 1938 281 1995 (με.
290 1926 507 1985 potestatis
521 1926 613 1972 vim
628 1927 872 1972 metuimus
886 1961 898 1979 ,
921 1937 995 1972 aut
1006 1926 1183 1972 odimus
1214 1940 1217 1944 ·

119 1987 123 1990 ’
186 1998 334 2050 potius
348 2005 437 2036 non
462 2007 688 2045 amamus,
712 1991 783 2038 sed
809 2007 905 2039 eam
920 2008 1018 2055 quae
1030 1990 1083 2037 ab
1106 2008 1181 2038 oo-

187 2053 304 2100 culta
326 2071 476 2102 rerum
501 2058 711 2119 opinione
733 2057 916 2104 fulcitur
927 2074 1004 2120 per
1024 2057 1182 2104 autho-

187 2119 357 2166 ritatem
374 2155 386 2173 ,
401 2131 500 2168 tum
514 2124 722 2186 gravitate
733 2139 810 2185 per
821 2123 1043 2177 virtutem,
1059 2139 1177 2170 ama·
1249 2154 1257 2158 ,
1277 2169 1283 2178 ,

188 2200 291 2239 mus
313 2185 445 2247 fimul
471 2190 780 2237 &reveremur
800 2189 845 2237 in
869 2189 1172 2253 superioribus⁴
1222 2235 1232 2246 ,
1299 2202 1306 2214 “

1019 2256 1175 2308 Nemo

1281 0 1320 182 ξ

1282 1266 1303 1351 δὲ
