1320 2490
171 153 412 196 Serum.
456 150 674 195 FRAGM
700 164 869 194 ENTA.
945 163 1037 207 209

39 236 88 283 in
119 237 307 283 Patriam
332 271 344 290 ,
373 247 474 282 tum
500 235 656 282 merita
680 235 845 281 civium
870 237 1040 282 Roma-

39 318 208 348 norum
239 336 251 355 ,
289 305 558 355 Brutorum,
594 302 862 354 Fabiorum,
904 305 1038 348 Cato-

42 383 155 413 num
172 402 183 420 ,
211 366 370 414 verum
384 367 602 414 lubentius
623 367 824 413 audimus
838 401 851 420 ‚
875 366 1041 429 ample-

43 449 203 480 xamur
217 468 229 486 ,
257 431 354 480 imo
377 434 428 478 ad
442 433 711 479 imitandum
733 433 1041 486 accendimur,

41 499 257 545 audiendo
301 498 527 545 familiaria
561 500 706 544 nostro
741 498 888 562 genio
930 498 1044 544 fasta

46 564 375 611 Olesniciorum
390 599 402 618 ,
417 564 743 610 Tarnoviorum
776 563 844 625 (&
858 580 914 609 ne
924 564 1043 610 mul-

45 641 112 677 tos
125 647 294 677 narrare
305 647 366 693 ⁴op
372 647 418 678 us
432 630 505 688 fit)
528 629 896 677 Zamoskiorum.

48 772 300 867 Appofita
338 775 560 870 reliqua
593 772 769 843 obiter
792 771 996 862 studia
1018 829 1037 855 ‚

117 867 336 1049 {gibus
337 878 620 958 juvenem
641 869 855 938 erudiri
883 889 1037 963 prae-

50 1110 586 1168 ORATORIUM
634 1110 1047 1168 STUDIUM.

195 1225 405 1273 Rationes
453 1226 725 1273 diversorum
786 1226 1048 1273 Authorum

195 1290 393 1338 Historiis
417 1292 584 1338 insertae
607 1327 621 1345 ,
649 1294 791 1339 ‘Primo
806 1291 931 1338 medio
948 1306 1052 1337 anno

53 1359 352 1422 explicentur,
391 1361 434 1405 &
460 1358 719 1404 memoriter
753 1357 1024 1403 addiscantur
1037 1389 1054 1410 ,

52 1436 186 1489 prout
207 1434 324 1469 extat
357 1423 570 1470 volumen
607 1423 876 1468 Orationum
903 1436 1049 1468 excer-

54 1502 230 1555 ptarum
242 1500 297 1534 ex
310 1489 510 1535 Historiis
532 1488 723 1541 (Curtii,
739 1487 922 1534 Sallustii
937 1523 949 1541 ,
970 1486 1045 1532 Li-

55 1556 142 1608 vii,
165 1553 340 1614 Taciti)
368 1567 467 1601 tum
481 1557 601 1602 altero
616 1554 740 1600 medio
771 1570 870 1600 anno
885 1588 897 1606 ,
924 1553 1051 1599 Cice-

56 1620 174 1668 ronis
201 1620 431 1666 Orationes
447 1620 645 1684 legantur
658 1637 764 1666 cum
791 1618 1051 1666 observatio-

57 1704 114 1733 ne
139 1685 393 1732 eruditionis
419 1688 463 1732 &
477 1698 846 1732 ornamentorum
862 1719 874 1737 ,
900 1682 923 1729 a
936 1683 1053 1747 figu-

57 1753 114 1800 ris
131 1751 383 1798 Rhetoricis
397 1785 409 1804 ,
436 1767 625 1813 quarum
649 1763 860 1813 praecepta
873 1751 925 1795 ad
947 1749 1054 1795 cala-

0 1865 2 1870 ,
60 1835 191 1866 mum
216 1817 449 1863 tradantur.
481 1816 596 1863 Dein
622 1816 868 1877 periculum
895 1815 1055 1862 facien-

0 1878 2 1884 ’
61 1885 172 1931 dum
185 1883 265 1929 erit
276 1884 320 1928 in
334 1882 442 1945 stylo
459 1917 469 1936 ,
492 1897 542 1928 ut
555 1882 771 1946 proposita
782 1899 873 1929 non
887 1881 1056 1945 vulgari

63 1950 268 2002 materia,
307 1949 470 1995 Oratio·
500 1961 792 2011 componatur
828 1948 975 1995 Chriae
1010 1947 1056 1993 in

0 2076 1 2080 Ἰ
63 2016 253 2062 modum
271 2049 282 2067 ,
322 2027 531 2078 quatenus
557 2014 749 2078 acquirat
767 2014 939 2078 juvenis
960 2030 1055 2076 pra-

64 2081 142 2128 xin
155 2081 358 2126 dilatanii
387 2082 582 2127 materias
596 2117 609 2135 ,
635 2078 801 2127 afimili
816 2119 831 2138 ,
849 2079 1058 2127 &contra-

0 2152 1 2204 ]
65 2147 131 2193 rio
146 2182 158 2200 ,
184 2146 236 2192 ab
248 2147 454 2208 exemplo
472 2182 483 2200 ,
510 2147 562 2193 ab
586 2147 876 2202 emblemate,
900 2147 953 2193 ab
976 2146 1060 2192 ho-

0 2220 3 2225 '
67 2213 187 2260 nesto
203 2247 215 2265 ,
236 2212 288 2260 ab
299 2212 393 2260 utili
408 2247 421 2267 ,
444 2224 546 2261 tum
570 2213 637 2261 vel
651 2213 847 2262 maxime.
875 2212 1064 2260 anatum

881 2294 884 2297 ’
935 2277 1066 2342 ipsius
