<?xml version="1.0" encoding="UTF-8"?>
<!DOCTYPE html PUBLIC "-//W3C//DTD XHTML 1.0 Transitional//EN"
    "http://www.w3.org/TR/xhtml1/DTD/xhtml1-transitional.dtd">
<html xmlns="http://www.w3.org/1999/xhtml" xml:lang="en" lang="en">
 <head>
  <title>
</title>
<meta http-equiv="Content-Type" content="text/html;charset=utf-8" />
  <meta name='ocr-system' content='tesseract 3.04.00' />
  <meta name='ocr-capabilities' content='ocr_page ocr_carea ocr_par ocr_line ocrx_word'/>
</head>
<body>
  <div class='ocr_page' id='page_1' title='image "./andreaemaximilia00fred_0215.png"; bbox 0 0 1320 2490; ppageno 0'>
   <div class='ocr_carea' id='block_1_1' title="bbox 213 113 1070 175">
    <p class='ocr_par' dir='ltr' id='par_1_1' title="bbox 213 113 1070 175">
     <span class='ocr_line' id='line_1_1' title="bbox 213 113 1070 175; baseline -0.001 -16"><span class='ocrx_word' id='word_1_1' title='bbox 213 116 466 159; x_wconf 69' lang='lat' dir='ltr'>Sentrr.</span> <span class='ocrx_word' id='word_1_2' title='bbox 503 113 904 158; x_wconf 70' lang='lat' dir='ltr'>FRAGMENTA.</span> <span class='ocrx_word' id='word_1_3' title='bbox 976 130 1070 175; x_wconf 80' lang='lat'>205</span> 
     </span>
    </p>
   </div>
   <div class='ocr_carea' id='block_1_2' title="bbox 69 199 1074 856">
    <p class='ocr_par' dir='ltr' id='par_1_2' title="bbox 69 199 1071 379">
     <span class='ocr_line' id='line_1_2' title="bbox 69 199 1069 254; baseline -0.001 -6"><span class='ocrx_word' id='word_1_4' title='bbox 69 236 72 238; x_wconf 29' lang='lat' dir='ltr'>v</span> <span class='ocrx_word' id='word_1_5' title='bbox 86 199 457 254; x_wconf 84' lang='lat' dir='ltr'>Geometrici,fibi</span> <span class='ocrx_word' id='word_1_6' title='bbox 472 199 592 245; x_wconf 88' lang='lat' dir='ltr'>enim</span> <span class='ocrx_word' id='word_1_7' title='bbox 605 199 818 247; x_wconf 77' lang='lat' dir='ltr'>delineare</span> <span class='ocrx_word' id='word_1_8' title='bbox 828 217 921 247; x_wconf 88' lang='lat' dir='ltr'>non</span> <span class='ocrx_word' id='word_1_9' title='bbox 928 201 1069 247; x_wconf 87' lang='lat' dir='ltr'>aliun—</span> 
     </span>
     <span class='ocr_line' id='line_1_3' title="bbox 79 267 1071 331; baseline 0.001 -19"><span class='ocrx_word' id='word_1_10' title='bbox 79 267 136 312; x_wconf 89' lang='lat' dir='ltr'>de</span> <span class='ocrx_word' id='word_1_11' title='bbox 169 267 512 313; x_wconf 86' lang='lat' dir='ltr'>instrumentum</span> <span class='ocrx_word' id='word_1_12' title='bbox 545 278 713 328; x_wconf 85' lang='lat' dir='ltr'>petere,</span> <span class='ocrx_word' id='word_1_13' title='bbox 754 283 926 331; x_wconf 80' lang='lat' dir='ltr'>magnae</span> <span class='ocrx_word' id='word_1_14' title='bbox 969 267 1071 313; x_wconf 84' lang='lat' dir='ltr'>loco</span> 
     </span>
     <span class='ocr_line' id='line_1_4' title="bbox 81 332 515 379; baseline -0.002 -1"><span class='ocrx_word' id='word_1_15' title='bbox 81 332 409 379; x_wconf 81' lang='lat' dir='ltr'>commoditatis</span> <span class='ocrx_word' id='word_1_16' title='bbox 422 332 515 378; x_wconf 85' lang='lat' dir='ltr'>erit.</span> 
     </span>
    </p>

    <p class='ocr_par' dir='ltr' id='par_1_3' title="bbox 79 396 1074 856">
     <span class='ocr_line' id='line_1_5' title="bbox 143 396 1074 463; baseline 0 -19"><span class='ocrx_word' id='word_1_17' title='bbox 143 401 243 463; x_wconf 80' lang='lat' dir='ltr'>Jam</span> <span class='ocrx_word' id='word_1_18' title='bbox 260 397 567 445; x_wconf 70' lang='lat' dir='ltr'>Architec&#39;tura</span> <span class='ocrx_word' id='word_1_19' title='bbox 578 396 779 445; x_wconf 74' lang='lat' dir='ltr'>Militan&#39;s</span> <span class='ocrx_word' id='word_1_20' title='bbox 804 398 850 444; x_wconf 88' lang='lat' dir='ltr'>in</span> <span class='ocrx_word' id='word_1_21' title='bbox 864 398 1074 445; x_wconf 83' lang='lat' dir='ltr'>omnibus</span> 
     </span>
     <span class='ocr_line' id='line_1_6' title="bbox 81 462 1071 517; baseline 0 -8"><span class='ocrx_word' id='word_1_22' title='bbox 81 464 244 511; x_wconf 65' lang='lat' dir='ltr'>caribus</span> <span class='ocrx_word' id='word_1_23' title='bbox 275 463 605 516; x_wconf 80' lang='lat' dir='ltr'>munitionum,</span> <span class='ocrx_word' id='word_1_24' title='bbox 639 462 976 517; x_wconf 75' lang='lat' dir='ltr'>defensionum,</span> <span class='ocrx_word' id='word_1_25' title='bbox 1000 462 1071 509; x_wconf 87' lang='lat' dir='ltr'>of-</span> 
     </span>
     <span class='ocr_line' id='line_1_7' title="bbox 79 529 1072 582; baseline -0.002 -6"><span class='ocrx_word' id='word_1_26' title='bbox 79 530 362 582; x_wconf 83' lang='lat' dir='ltr'>fensionum,</span> <span class='ocrx_word' id='word_1_27' title='bbox 386 529 630 575; x_wconf 83' lang='lat' dir='ltr'>acceffimm</span> <span class='ocrx_word' id='word_1_28' title='bbox 646 563 662 582; x_wconf 85' lang='lat'><strong>,</strong></span> <span class='ocrx_word' id='word_1_29' title='bbox 692 530 962 582; x_wconf 71' lang='lat' dir='ltr'>recessuum,</span> <span class='ocrx_word' id='word_1_30' title='bbox 986 542 1072 575; x_wconf 62' lang='lat' dir='ltr'>tra«</span> 
     </span>
     <span class='ocr_line' id='line_1_8' title="bbox 81 594 1072 658; baseline -0.002 -17"><span class='ocrx_word' id='word_1_31' title='bbox 81 595 206 641; x_wconf 80' lang='lat' dir='ltr'>datur</span> <span class='ocrx_word' id='word_1_32' title='bbox 231 594 446 658; x_wconf 73' lang='lat' dir='ltr'>Menfibus</span> <span class='ocrx_word' id='word_1_33' title='bbox 470 599 638 658; x_wconf 86' lang='lat' dir='ltr'>quinque</span> <span class='ocrx_word' id='word_1_34' title='bbox 659 599 850 642; x_wconf 66' lang='lat' dir='ltr'>continuis</span> <span class='ocrx_word' id='word_1_35' title='bbox 865 629 877 648; x_wconf 92' lang='lat'>‚</span> <span class='ocrx_word' id='word_1_36' title='bbox 907 611 1072 657; x_wconf 79' lang='lat' dir='ltr'>oppor-</span> 
     </span>
     <span class='ocr_line' id='line_1_9' title="bbox 79 659 1070 723; baseline 0 -17"><span class='ocrx_word' id='word_1_37' title='bbox 79 661 243 708; x_wconf 83' lang='lat' dir='ltr'>tuniori</span> <span class='ocrx_word' id='word_1_38' title='bbox 266 674 492 723; x_wconf 86' lang='lat' dir='ltr'>tempore,</span> <span class='ocrx_word' id='word_1_39' title='bbox 519 660 668 723; x_wconf 81' lang='lat' dir='ltr'>ligone</span> <span class='ocrx_word' id='word_1_40' title='bbox 690 663 734 706; x_wconf 60' lang='grc' dir='ltr'>ὃς</span> <span class='ocrx_word' id='word_1_41' title='bbox 759 677 892 706; x_wconf 87' lang='lat' dir='ltr'>manu</span> <span class='ocrx_word' id='word_1_42' title='bbox 913 659 1070 721; x_wconf 59' lang='lat' dir='ltr'>praeti-</span> 
     </span>
     <span class='ocr_line' id='line_1_10' title="bbox 80 725 1070 790; baseline 0.001 -19"><span class='ocrx_word' id='word_1_43' title='bbox 80 727 232 774; x_wconf 86' lang='lat' dir='ltr'>candO.</span> <span class='ocrx_word' id='word_1_44' title='bbox 271 726 472 790; x_wconf 82' lang='lat' dir='ltr'>Reliquis</span> <span class='ocrx_word' id='word_1_45' title='bbox 500 725 723 771; x_wconf 79' lang='lat' dir='ltr'>Menfibus</span> <span class='ocrx_word' id='word_1_46' title='bbox 745 726 963 771; x_wconf 77' lang='lat' dir='ltr'>erudiatur</span> <span class='ocrx_word' id='word_1_47' title='bbox 974 742 1070 787; x_wconf 85' lang='lat' dir='ltr'>pra-</span> 
     </span>
     <span class='ocr_line' id='line_1_11' title="bbox 80 791 1072 856; baseline 0 -19"><span class='ocrx_word' id='word_1_48' title='bbox 80 792 193 838; x_wconf 70' lang='lat' dir='ltr'>ctice</span> <span class='ocrx_word' id='word_1_49' title='bbox 204 791 375 856; x_wconf 73' lang='lat' dir='ltr'>juvenis</span> <span class='ocrx_word' id='word_1_50' title='bbox 389 827 402 846; x_wconf 93' lang='lat'><strong><em>,</em></strong></span> <span class='ocrx_word' id='word_1_51' title='bbox 430 792 560 855; x_wconf 80' lang='lat' dir='ltr'>(quae</span> <span class='ocrx_word' id='word_1_52' title='bbox 583 793 642 837; x_wconf 87' lang='lat' dir='ltr'>est</span> <span class='ocrx_word' id='word_1_53' title='bbox 653 793 797 854; x_wconf 86' lang='lat' dir='ltr'>prima</span> <span class='ocrx_word' id='word_1_54' title='bbox 816 795 860 838; x_wconf 68' lang='lat' dir='ltr'>St</span> <span class='ocrx_word' id='word_1_55' title='bbox 875 792 1072 840; x_wconf 72' lang='lat' dir='ltr'>maxima</span> 
     </span>
    </p>
   </div>
   <div class='ocr_carea' id='block_1_3' title="bbox 1095 823 1258 864">
    <p class='ocr_par' dir='ltr' id='par_1_4' title="bbox 1095 823 1258 864">
     <span class='ocr_line' id='line_1_12' title="bbox 1095 823 1258 864; baseline 0.018 -6"><span class='ocrx_word' id='word_1_56' title='bbox 1095 823 1164 864; x_wconf 61' lang='lat' dir='ltr'>Qvi</span> <span class='ocrx_word' id='word_1_57' title='bbox 1193 835 1258 861; x_wconf 62' lang='lat' dir='ltr'>ne»</span> 
     </span>
    </p>
   </div>
   <div class='ocr_carea' id='block_1_4' title="bbox 67 856 1214 986">
    <p class='ocr_par' dir='ltr' id='par_1_5' title="bbox 67 856 1214 986">
     <span class='ocr_line' id='line_1_13' title="bbox 82 856 1214 926; baseline -0.003 -22"><span class='ocrx_word' id='word_1_58' title='bbox 82 857 306 905; x_wconf 85' lang='lat' dir='ltr'>bellorum</span> <span class='ocrx_word' id='word_1_59' title='bbox 341 871 442 904; x_wconf 90' lang='lat' dir='ltr'>tum</span> <span class='ocrx_word' id='word_1_60' title='bbox 475 858 553 919; x_wconf 89' lang='lat' dir='ltr'>qui</span> <span class='ocrx_word' id='word_1_61' title='bbox 575 857 657 902; x_wconf 82' lang='lat' dir='ltr'>illis</span> <span class='ocrx_word' id='word_1_62' title='bbox 679 856 868 919; x_wconf 80' lang='lat' dir='ltr'>praesunt</span> <span class='ocrx_word' id='word_1_63' title='bbox 898 857 1066 913; x_wconf 88' lang='lat' dir='ltr'>virtus)</span> <span class='ocrx_word' id='word_1_64' title='bbox 1083 865 1214 926; x_wconf 45' lang='grc' dir='ltr'>ἔξω,</span> 
     </span>
     <span class='ocr_line' id='line_1_14' title="bbox 67 919 1160 986; baseline -0.005 -17"><span class='ocrx_word' id='word_1_65' title='bbox 67 919 239 985; x_wconf 69' lang='lat' dir='ltr'>pedestri</span> <span class='ocrx_word' id='word_1_66' title='bbox 251 928 433 972; x_wconf 75' lang='lat' dir='ltr'>exercitio</span> <span class='ocrx_word' id='word_1_67' title='bbox 449 924 629 975; x_wconf 78' lang='lat' dir='ltr'>militari,</span> <span class='ocrx_word' id='word_1_68' title='bbox 629 921 702 982; x_wconf 79' lang='lat' dir='ltr'>seu</span> <span class='ocrx_word' id='word_1_69' title='bbox 715 925 905 986; x_wconf 71' lang='lat' dir='ltr'>legionen-i</span> <span class='ocrx_word' id='word_1_70' title='bbox 922 954 934 975; x_wconf 90' lang='lat'>,</span> <span class='ocrx_word' id='word_1_71' title='bbox 948 939 1064 969; x_wconf 83' lang='lat' dir='ltr'>rece.-</span> <span class='ocrx_word' id='word_1_72' title='bbox 1091 940 1160 964; x_wconf 74' lang='lat' dir='ltr'>cm,</span> 
     </span>
    </p>
   </div>
   <div class='ocr_carea' id='block_1_5' title="bbox 0 989 1079 2237">
    <p class='ocr_par' dir='ltr' id='par_1_6' title="bbox 73 989 1079 1906">
     <span class='ocr_line' id='line_1_15' title="bbox 77 989 1068 1053; baseline 0 -18"><span class='ocrx_word' id='word_1_73' title='bbox 77 989 248 1043; x_wconf 85' lang='lat' dir='ltr'>dendo,</span> <span class='ocrx_word' id='word_1_74' title='bbox 272 989 521 1053; x_wconf 83' lang='lat' dir='ltr'>sequendo,</span> <span class='ocrx_word' id='word_1_75' title='bbox 549 989 744 1035; x_wconf 84' lang='lat' dir='ltr'>instando</span> <span class='ocrx_word' id='word_1_76' title='bbox 770 1005 848 1051; x_wconf 89' lang='lat' dir='ltr'>per</span> <span class='ocrx_word' id='word_1_77' title='bbox 868 989 1068 1042; x_wconf 85' lang='lat' dir='ltr'>ordines,</span> 
     </span>
     <span class='ocr_line' id='line_1_16' title="bbox 76 1055 1079 1109; baseline 0.001 -8"><span class='ocrx_word' id='word_1_78' title='bbox 76 1055 132 1101; x_wconf 85' lang='lat' dir='ltr'>ad</span> <span class='ocrx_word' id='word_1_79' title='bbox 145 1056 361 1109; x_wconf 83' lang='lat' dir='ltr'>dextram,</span> <span class='ocrx_word' id='word_1_80' title='bbox 375 1055 429 1101; x_wconf 89' lang='lat' dir='ltr'>ad</span> <span class='ocrx_word' id='word_1_81' title='bbox 439 1055 669 1109; x_wconf 77' lang='lat' dir='ltr'>sinistram,</span> <span class='ocrx_word' id='word_1_82' title='bbox 683 1066 798 1109; x_wconf 84' lang='lat' dir='ltr'>ante,</span> <span class='ocrx_word' id='word_1_83' title='bbox 813 1067 931 1102; x_wconf 84' lang='lat' dir='ltr'>retro</span> <span class='ocrx_word' id='word_1_84' title='bbox 944 1089 959 1109; x_wconf 85' lang='lat'>‚</span> <span class='ocrx_word' id='word_1_85' title='bbox 972 1055 1079 1102; x_wconf 69' lang='lat' dir='ltr'>vol-⁴</span> 
     </span>
     <span class='ocr_line' id='line_1_17' title="bbox 78 1121 1069 1185; baseline 0.002 -19"><span class='ocrx_word' id='word_1_86' title='bbox 78 1123 221 1168; x_wconf 77' lang='lat' dir='ltr'>vendo</span> <span class='ocrx_word' id='word_1_87' title='bbox 244 1122 419 1169; x_wconf 87' lang='lat' dir='ltr'>ordines</span> <span class='ocrx_word' id='word_1_88' title='bbox 441 1124 486 1168; x_wconf 84' lang='lat'>&amp;</span> <span class='ocrx_word' id='word_1_89' title='bbox 509 1121 728 1185; x_wconf 80' lang='lat' dir='ltr'>integram</span> <span class='ocrx_word' id='word_1_90' title='bbox 743 1122 977 1169; x_wconf 86' lang='lat' dir='ltr'>cohortem</span> <span class='ocrx_word' id='word_1_91' title='bbox 993 1133 1069 1168; x_wconf 90' lang='lat' dir='ltr'>aut</span> 
     </span>
     <span class='ocr_line' id='line_1_18' title="bbox 76 1185 1069 1252; baseline 0 -19"><span class='ocrx_word' id='word_1_92' title='bbox 76 1187 329 1250; x_wconf 84' lang='lat' dir='ltr'>legionem,</span> <span class='ocrx_word' id='word_1_93' title='bbox 364 1200 467 1234; x_wconf 87' lang='lat' dir='ltr'>tum</span> <span class='ocrx_word' id='word_1_94' title='bbox 499 1185 728 1233; x_wconf 72' lang='lat' dir='ltr'>instruffio</span> <span class='ocrx_word' id='word_1_95' title='bbox 762 1188 943 1252; x_wconf 74' lang='lat' dir='ltr'>integrae</span> <span class='ocrx_word' id='word_1_96' title='bbox 964 1187 1069 1234; x_wconf 88' lang='lat' dir='ltr'>aciei</span> 
     </span>
     <span class='ocr_line' id='line_1_19' title="bbox 73 1252 1074 1317; baseline 0 -19"><span class='ocrx_word' id='word_1_97' title='bbox 73 1270 152 1316; x_wconf 90' lang='lat' dir='ltr'>per</span> <span class='ocrx_word' id='word_1_98' title='bbox 161 1254 342 1300; x_wconf 70' lang='lat' dir='ltr'>diversas</span> <span class='ocrx_word' id='word_1_99' title='bbox 355 1253 520 1300; x_wconf 76' lang='lat' dir='ltr'>formas</span> <span class='ocrx_word' id='word_1_100' title='bbox 535 1256 579 1300; x_wconf 84' lang='lat'>&amp;</span> <span class='ocrx_word' id='word_1_101' title='bbox 591 1252 708 1299; x_wconf 82' lang='lat' dir='ltr'>casus</span> <span class='ocrx_word' id='word_1_102' title='bbox 719 1254 948 1300; x_wconf 83' lang='lat' dir='ltr'>inducatur</span> <span class='ocrx_word' id='word_1_103' title='bbox 958 1287 972 1307; x_wconf 91' lang='lat'>‚</span> <span class='ocrx_word' id='word_1_104' title='bbox 995 1269 1074 1317; x_wconf 90' lang='lat' dir='ltr'>per</span> 
     </span>
     <span class='ocr_line' id='line_1_20' title="bbox 75 1319 1074 1382; baseline -0.001 -17"><span class='ocrx_word' id='word_1_105' title='bbox 75 1320 413 1366; x_wconf 83' lang='lat' dir='ltr'>delineationem</span> <span class='ocrx_word' id='word_1_106' title='bbox 450 1323 496 1366; x_wconf 83' lang='lat'>&amp;</span> <span class='ocrx_word' id='word_1_107' title='bbox 521 1330 641 1365; x_wconf 83' lang='lat' dir='ltr'>notas</span> <span class='ocrx_word' id='word_1_108' title='bbox 664 1319 711 1364; x_wconf 91' lang='lat' dir='ltr'>in</span> <span class='ocrx_word' id='word_1_109' title='bbox 735 1319 880 1365; x_wconf 86' lang='lat' dir='ltr'>tabula</span> <span class='ocrx_word' id='word_1_110' title='bbox 900 1320 1074 1382; x_wconf 82' lang='lat' dir='ltr'>aliqua,</span> 
     </span>
     <span class='ocr_line' id='line_1_21' title="bbox 76 1384 1068 1449; baseline -0.002 -18"><span class='ocrx_word' id='word_1_111' title='bbox 76 1397 150 1431; x_wconf 89' lang='lat' dir='ltr'>aut</span> <span class='ocrx_word' id='word_1_112' title='bbox 158 1401 236 1446; x_wconf 85' lang='lat' dir='ltr'>per</span> <span class='ocrx_word' id='word_1_113' title='bbox 250 1386 394 1449; x_wconf 83' lang='lat' dir='ltr'>lignea</span> <span class='ocrx_word' id='word_1_114' title='bbox 409 1384 552 1447; x_wconf 78' lang='lat' dir='ltr'>(quod</span> <span class='ocrx_word' id='word_1_115' title='bbox 565 1385 752 1446; x_wconf 83' lang='lat' dir='ltr'>praestat)</span> <span class='ocrx_word' id='word_1_116' title='bbox 775 1385 981 1447; x_wconf 88' lang='lat' dir='ltr'>equitum</span> <span class='ocrx_word' id='word_1_117' title='bbox 993 1400 1068 1447; x_wconf 92' lang='lat' dir='ltr'>pe-</span> 
     </span>
     <span class='ocr_line' id='line_1_22' title="bbox 75 1450 1068 1512; baseline 0.001 -17"><span class='ocrx_word' id='word_1_118' title='bbox 75 1450 275 1496; x_wconf 84' lang='lat' dir='ltr'>ditumve</span> <span class='ocrx_word' id='word_1_119' title='bbox 288 1450 574 1504; x_wconf 75' lang='lat' dir='ltr'>fimulachra3</span> <span class='ocrx_word' id='word_1_120' title='bbox 650 1466 706 1496; x_wconf 85' lang='lat' dir='ltr'>ua</span> <span class='ocrx_word' id='word_1_121' title='bbox 720 1462 841 1512; x_wconf 88' lang='lat' dir='ltr'>parte</span> <span class='ocrx_word' id='word_1_122' title='bbox 854 1450 1039 1497; x_wconf 87' lang='lat' dir='ltr'>hastatus</span> <span class='ocrx_word' id='word_1_123' title='bbox 1055 1484 1068 1502; x_wconf 95' lang='lat'>‚</span> 
     </span>
     <span class='ocr_line' id='line_1_23' title="bbox 74 1515 1070 1580; baseline 0 -18"><span class='ocrx_word' id='word_1_124' title='bbox 74 1532 161 1578; x_wconf 89' lang='lat' dir='ltr'>qua</span> <span class='ocrx_word' id='word_1_125' title='bbox 171 1515 568 1580; x_wconf 84' lang='lat' dir='ltr'>ferentarius&#39;eques</span> <span class='ocrx_word' id='word_1_126' title='bbox 582 1515 787 1562; x_wconf 83' lang='lat' dir='ltr'>locandus</span> <span class='ocrx_word' id='word_1_127' title='bbox 799 1550 813 1569; x_wconf 88' lang='lat'><strong>,</strong></span> <span class='ocrx_word' id='word_1_128' title='bbox 840 1532 928 1578; x_wconf 86' lang='lat' dir='ltr'>qua</span> <span class='ocrx_word' id='word_1_129' title='bbox 940 1516 1070 1578; x_wconf 82' lang='lat' dir='ltr'>pede-</span> 
     </span>
     <span class='ocr_line' id='line_1_24' title="bbox 74 1581 1072 1628; baseline -0.001 -1"><span class='ocrx_word' id='word_1_130' title='bbox 74 1584 155 1627; x_wconf 88' lang='lat' dir='ltr'>ster</span> <span class='ocrx_word' id='word_1_131' title='bbox 166 1582 324 1628; x_wconf 89' lang='lat' dir='ltr'>miles?</span> <span class='ocrx_word' id='word_1_132' title='bbox 350 1594 400 1628; x_wconf 89' lang='lat' dir='ltr'>ut</span> <span class='ocrx_word' id='word_1_133' title='bbox 420 1594 572 1628; x_wconf 79' lang='lat' dir='ltr'>extant</span> <span class='ocrx_word' id='word_1_134' title='bbox 595 1582 699 1627; x_wconf 79' lang='lat' dir='ltr'>varii</span> <span class='ocrx_word' id='word_1_135' title='bbox 719 1582 942 1626; x_wconf 85' lang='lat' dir='ltr'>variorum</span> <span class='ocrx_word' id='word_1_136' title='bbox 966 1581 1010 1626; x_wconf 91' lang='lat' dir='ltr'>in</span> <span class='ocrx_word' id='word_1_137' title='bbox 1024 1597 1072 1626; x_wconf 76' lang='lat' dir='ltr'>ea</span> 
     </span>
     <span class='ocr_line' id='line_1_25' title="bbox 76 1646 1070 1701; baseline 0 -9"><span class='ocrx_word' id='word_1_138' title='bbox 76 1648 256 1692; x_wconf 87' lang='lat' dir='ltr'>materia</span> <span class='ocrx_word' id='word_1_139' title='bbox 266 1647 362 1693; x_wconf 83' lang='lat' dir='ltr'>libri</span> <span class='ocrx_word' id='word_1_140' title='bbox 377 1651 421 1694; x_wconf 60' lang='grc' dir='ltr'>ἓξ</span> <span class='ocrx_word' id='word_1_141' title='bbox 435 1647 756 1701; x_wconf 82' lang='lat' dir='ltr'>delineationes.</span> <span class='ocrx_word' id='word_1_142' title='bbox 773 1647 958 1692; x_wconf 76' lang='lat' dir='ltr'>Interim</span> <span class='ocrx_word' id='word_1_143' title='bbox 974 1646 1070 1692; x_wconf 89' lang='lat' dir='ltr'>obi·</span> 
     </span>
     <span class='ocr_line' id='line_1_26' title="bbox 75 1711 1068 1775; baseline -0.001 -17"><span class='ocrx_word' id='word_1_144' title='bbox 75 1711 168 1775; x_wconf 71' lang='lat' dir='ltr'>ter(</span> <span class='ocrx_word' id='word_1_145' title='bbox 169 1730 249 1774; x_wconf 86' lang='lat' dir='ltr'>pro</span> <span class='ocrx_word' id='word_1_146' title='bbox 264 1712 580 1758; x_wconf 87' lang='lat' dir='ltr'>commoditate</span> <span class='ocrx_word' id='word_1_147' title='bbox 593 1712 826 1773; x_wconf 80' lang='lat' dir='ltr'>temporis)</span> <span class='ocrx_word' id='word_1_148' title='bbox 844 1728 935 1758; x_wconf 86' lang='lat' dir='ltr'>non</span> <span class='ocrx_word' id='word_1_149' title='bbox 948 1712 1068 1757; x_wconf 86' lang='lat' dir='ltr'>vitia·</span> 
     </span>
     <span class='ocr_line' id='line_1_27' title="bbox 75 1777 1068 1831; baseline 0 -8"><span class='ocrx_word' id='word_1_150' title='bbox 75 1777 377 1831; x_wconf 62' lang='lat' dir='ltr'>bifinfinuare,</span> <span class='ocrx_word' id='word_1_151' title='bbox 405 1779 459 1823; x_wconf 92' lang='lat' dir='ltr'>de</span> <span class='ocrx_word' id='word_1_152' title='bbox 481 1789 570 1823; x_wconf 84' lang='lat' dir='ltr'>arte</span> <span class='ocrx_word' id='word_1_153' title='bbox 594 1777 710 1823; x_wconf 71' lang='lat' dir='ltr'>fusili</span> <span class='ocrx_word' id='word_1_154' title='bbox 734 1779 778 1823; x_wconf 84' lang='lat'>&amp;</span> <span class='ocrx_word' id='word_1_155' title='bbox 801 1777 1068 1823; x_wconf 87' lang='lat' dir='ltr'>libramentis</span> 
     </span>
     <span class='ocr_line' id='line_1_28' title="bbox 78 1843 931 1906; baseline -0.001 -16"><span class='ocrx_word' id='word_1_156' title='bbox 78 1844 131 1890; x_wconf 88' lang='lat' dir='ltr'>da</span> <span class='ocrx_word' id='word_1_157' title='bbox 157 1857 324 1890; x_wconf 84' lang='lat' dir='ltr'>metam</span> <span class='ocrx_word' id='word_1_158' title='bbox 338 1843 657 1906; x_wconf 28' lang='lat' dir='ltr'>*machinarum</span> <span class='ocrx_word' id='word_1_159' title='bbox 676 1843 931 1889; x_wconf 87' lang='lat' dir='ltr'>muralium.</span> 
     </span>
    </p>

    <p class='ocr_par' dir='ltr' id='par_1_7' title="bbox 0 1909 1075 2237">
     <span class='ocr_line' id='line_1_29' title="bbox 142 1909 1066 1956; baseline -0.002 0"><span class='ocrx_word' id='word_1_160' title='bbox 142 1912 217 1956; x_wconf 91' lang='lat' dir='ltr'>Ne</span> <span class='ocrx_word' id='word_1_161' title='bbox 250 1921 399 1956; x_wconf 86' lang='lat' dir='ltr'>tamen</span> <span class='ocrx_word' id='word_1_162' title='bbox 423 1909 736 1955; x_wconf 85' lang='lat' dir='ltr'>intermittatur</span> <span class='ocrx_word' id='word_1_163' title='bbox 768 1909 880 1955; x_wconf 87' lang='lat' dir='ltr'>inter</span> <span class='ocrx_word' id='word_1_164' title='bbox 904 1919 1066 1955; x_wconf 85' lang='lat' dir='ltr'>armata</span> 
     </span>
     <span class='ocr_line' id='line_1_30' title="bbox 77 1974 1064 2037; baseline 0 -16"><span class='ocrx_word' id='word_1_165' title='bbox 77 1976 278 2022; x_wconf 85' lang='lat' dir='ltr'>exercitia</span> <span class='ocrx_word' id='word_1_166' title='bbox 289 1976 482 2022; x_wconf 85' lang='lat' dir='ltr'>studium</span> <span class='ocrx_word' id='word_1_167' title='bbox 493 1975 668 2036; x_wconf 84' lang='lat' dir='ltr'>privatae</span> <span class='ocrx_word' id='word_1_168' title='bbox 680 1974 877 2021; x_wconf 69' lang='lat' dir='ltr'>Iec‘tionis</span> <span class='ocrx_word' id='word_1_169' title='bbox 889 2009 902 2028; x_wconf 94' lang='lat'>‚</span> <span class='ocrx_word' id='word_1_170' title='bbox 915 1974 1064 2037; x_wconf 85' lang='lat' dir='ltr'>primo</span> 
     </span>
     <span class='ocr_line' id='line_1_31' title="bbox 0 2040 1066 2104; baseline 0 -18"><span class='ocrx_word' id='word_1_171' title='bbox 0 2067 5 2078; x_wconf 93' lang='lat'><em>·</em></span> <span class='ocrx_word' id='word_1_172' title='bbox 77 2041 228 2086; x_wconf 89' lang='lat' dir='ltr'>medio</span> <span class='ocrx_word' id='word_1_173' title='bbox 261 2058 377 2087; x_wconf 87' lang='lat' dir='ltr'>anno</span> <span class='ocrx_word' id='word_1_174' title='bbox 388 2041 591 2102; x_wconf 77' lang='lat' dir='ltr'>privatim</span> <span class='ocrx_word' id='word_1_175' title='bbox 614 2040 783 2104; x_wconf 88' lang='lat' dir='ltr'>legatur</span> <span class='ocrx_word' id='word_1_176' title='bbox 806 2041 986 2087; x_wconf 88' lang='lat' dir='ltr'>Curtius</span> <span class='ocrx_word' id='word_1_177' title='bbox 1011 2040 1066 2086; x_wconf 88' lang='lat' dir='ltr'>de</span> 
     </span>
     <span class='ocr_line' id='line_1_32' title="bbox 76 2105 1075 2171; baseline 0 -20"><span class='ocrx_word' id='word_1_178' title='bbox 76 2106 205 2153; x_wconf 82' lang='lat' dir='ltr'>rebus</span> <span class='ocrx_word' id='word_1_179' title='bbox 241 2107 478 2153; x_wconf 83' lang='lat' dir='ltr'>Alexandri</span> <span class='ocrx_word' id='word_1_180' title='bbox 501 2107 681 2171; x_wconf 87' lang='lat' dir='ltr'>Magni,</span> <span class='ocrx_word' id='word_1_181' title='bbox 713 2106 855 2170; x_wconf 81' lang='lat' dir='ltr'>Julius</span> <span class='ocrx_word' id='word_1_182' title='bbox 891 2105 1075 2160; x_wconf 52' lang='lat' dir='ltr'>Caesar„</span> 
     </span>
     <span class='ocr_line' id='line_1_33' title="bbox 76 2172 1064 2237; baseline -0.001 -19"><span class='ocrx_word' id='word_1_183' title='bbox 76 2172 331 2229; x_wconf 64' lang='lat' dir='ltr'>Sallustius,</span> <span class='ocrx_word' id='word_1_184' title='bbox 357 2172 584 2237; x_wconf 84' lang='lat' dir='ltr'>Philippus</span> <span class='ocrx_word' id='word_1_185' title='bbox 617 2172 901 2227; x_wconf 78' lang='lat' dir='ltr'>Cominaeus3</span> <span class='ocrx_word' id='word_1_186' title='bbox 937 2175 1064 2217; x_wconf 88' lang='lat' dir='ltr'>Tum</span> 
     </span>
    </p>
   </div>
   <div class='ocr_carea' id='block_1_6' title="bbox 928 2237 1082 2285">
    <p class='ocr_par' dir='ltr' id='par_1_8' title="bbox 928 2237 1082 2285">
     <span class='ocr_line' id='line_1_34' title="bbox 928 2237 1082 2285; baseline -0.019 0"><span class='ocrx_word' id='word_1_187' title='bbox 928 2237 1082 2285; x_wconf 50' lang='lat' dir='ltr'>altero÷</span> 
     </span>
    </p>
   </div>
   <div class='ocr_carea' id='block_1_7' title="bbox 1089 979 1252 1291">
    <p class='ocr_par' dir='ltr' id='par_1_9' title="bbox 1089 979 1252 1291">
     <span class='ocr_line' id='line_1_35' title="bbox 1090 979 1215 1028; baseline -0.016 -11"><span class='ocrx_word' id='word_1_188' title='bbox 1090 979 1215 1028; x_wconf 50' lang='lat' dir='ltr'>transit</span> 
     </span>
     <span class='ocr_line' id='line_1_36' title="bbox 1089 1030 1252 1082; baseline -0.006 -14"><span class='ocrx_word' id='word_1_189' title='bbox 1089 1030 1252 1082; x_wconf 73' lang='lat' dir='ltr'>pedestris</span> 
     </span>
     <span class='ocr_line' id='line_1_37' title="bbox 1089 1084 1228 1122; baseline 0.007 -1"><span class='ocrx_word' id='word_1_190' title='bbox 1089 1084 1228 1122; x_wconf 61' lang='lat' dir='ltr'>militia</span> 
     </span>
     <span class='ocr_line' id='line_1_38' title="bbox 1089 1151 1226 1184; baseline -0.022 -9"><span class='ocrx_word' id='word_1_191' title='bbox 1089 1151 1226 1184; x_wconf 80' lang='lat' dir='ltr'>curam,</span> 
     </span>
     <span class='ocr_line' id='line_1_39' title="bbox 1092 1189 1216 1226; baseline -0.008 -1"><span class='ocrx_word' id='word_1_192' title='bbox 1092 1189 1216 1226; x_wconf 73' lang='lat' dir='ltr'>bellare</span> 
     </span>
     <span class='ocr_line' id='line_1_40' title="bbox 1093 1241 1212 1291; baseline 0.008 -13"><span class='ocrx_word' id='word_1_193' title='bbox 1093 1241 1212 1291; x_wconf 61' lang='lat' dir='ltr'>neJCih</span> 
     </span>
    </p>
   </div>
  </div>
 </body>
</html>
