1320 2490
218 102 456 144 SCRIPT.
492 97 907 142 FRAGMENTA.
1002 94 1065 154 83

73 182 180 228 acies
193 217 205 236 ,
232 179 507 228 dextrorsum
524 214 535 232 ,
561 178 777 224 levorsum
795 195 807 230 3
831 177 1074 239 quomodo-

74 261 218 293 turma
229 261 386 294 turmae
400 281 412 299 ,
425 246 540 309 legio
553 245 715 307 legioni
726 243 936 297 succurrit
947 276 959 295 ‚
981 256 1059 303 op·-

13 358 15 361 ,
73 315 209 376 polita
220 324 338 375 parte
349 312 455 375 parti
495 315 512 371 (
528 311 559 357 fi
582 309 878 356 commodum
898 307 1062 353 Videbi-

72 392 144 424 tur
157 382 173 436 )
189 378 371 441 proinde
383 393 430 423 ac
440 377 472 423 si
486 376 618 423 hostis
632 376 803 438 ingruat
813 374 859 419 in
872 374 1068 423 modum

65 444 191 506 justae
202 432 362 509 pugnae
373 444 483 490 inter
492 442 535 490 se
547 441 815 488 decurrendo
828 473 841 493 ‚
855 438 1066 503 idemque

71 509 125 556 sae
158 510 235 556 ius.

126 526 285 622 Ι’ὶΓεῗι-τίει
298 589 434 638 eaque
445 573 603 621 ultima
615 570 816 619 Militaris
828 569 1062 632 disciplinae
1084 607 1237 646 Milite*

70 640 186 688 Pars.
225 643 353 688 Poena
377 641 421 687 in
450 641 798 702 Negligemiores.
821 640 936 685 Eam
954 633 1059 682 vero
1079 659 1130 699 ,ὰ
1140 670 1214 712 μ,

68 717 178 769 puto
195 723 293 770 quae
305 706 350 752 in
362 706 520 753 delicsta
531 705 731 751 militum
741 701 1060 756 animadvertit,
1079 726 1141 754 na.

43 783 46 785 ·
69 771 103 818 fi
117 772 335 834 prohibita
354 774 539 818 Ducum
558 768 856 818 transcendant
867 802 882 823 ‚
907 767 941 814 fi
953 784 1061 815 con-

46 867 47 871 =
68 836 245 885 suetum
257 837 464 885 ordinem
479 837 526 883 ‘m
538 834 677 884 castris
688 869 702 889 ,
726 834 760 881 fi
781 851 860 898 per
880 833 1063 881 Provin—

43 957 46 960 Α
68 903 184 950 ciam
195 904 241 950 in
252 902 450 950 stationes
471 901 649 949 vicatim
658 900 833 963 dispersi
845 935 861 955 ,
882 898 1065 948 solitum

45 991 47 993 ·
67 970 130 1016 rei
156 968 453 1016 frumentariae
486 972 532 1016 ἃ
565 965 865 1031 praescriptum
886 982 1070 1014 morem

45 1066 47 1073 ι
69 1034 304 1098 disciplinae
315 1033 678 1099 transgrediantur
688 1067 702 1087 ,
724 1032 846 1096 quod
855 1031 960 1079 vero
982 1048 1065 1094 pro

44 1118 48 1123 ·
67 1099 249 1147 summo
261 1101 450 1147 dixerim
466 1135 478 1154 ‚
506 1099 539 1146 fi
552 1100 671 1163 signa
683 1099 730 1145 in
742 1099 832 1144 acie
841 1097 1062 1153 deserant5

15 1220 20 1222 .
45 1183 47 1188 ¹
68 1165 226 1212 verum
240 1167 407 1230 inquies
423 1168 446 1212 ?'
462 1165 712 1230 Qomodo
723 1165 812 1210 fine
833 1163 993 1211 invidia
1016 1166 1063 1211 ὃζ

46 1251 47 1257 ¹
66 1232 263 1295 periculo
297 1231 567 1278 authoritatis
589 1231 806 1294 integram
827 1230 1066 1276 cohortem
1119 1252 1122 1256 ·

71 1301 92 1357 (
105 1314 158 1342 ne
178 1298 322 1344 dicam
335 1297 559 1360 legionem
582 1308 655 1342 aut
667 1307 834 1357 partem
850 1295 1061 1341 exercitus

63 1364 97 1408 fi
111 1363 333 1425 delinquat
349 1364 366 1419 )
402 1361 502 1409 belli
522 1364 631 1407 Dux
651 1362 697 1406 in
710 1375 892 1422 poenam
906 1361 1062 1407 vocet?

13 1487 17 1489 Β
66 1429 174 1492 quin
194 1429 359 1491 justitia
374 1423 606 1492 degeneret
618 1427 665 1474 in
677 1426 895 1474 lanienam
905 1461 918 1480 ,
943 1425 1060 1473 mul-

61 1503 130 1541 tos
141 1494 271 1541 fimul
285 1494 506 1557 puniendo
520 1527 533 1547 ‚
547 1494 658 1556 saepe
669 1490 776 1539 vero
791 1492 958 1539 inducit
973 1492 1059 1539 im·

63 1559 308 1622 punitatem
338 1559 543 1623 peccandi
557 1594 570 1614 ,
608 1558 847 1606 multitudo
880 1574 1066 1620 peccan-

63 1626 207 1680 tium,
228 1625 340 1672 dum
360 1625 493 1672 multi
513 1642 625 1673 unus
649 1625 785 1672 alium
808 1623 1072 1685 circumspi-

63 1691 213 1742 ciunt,
237 1691 487 1752 praefidium
497 1691 650 1738 erroris
663 1694 708 1738 Ec
733 1689 947 1753 effugium
959 1706 1059 1752 poe·
1092 1719 1096 1723 —

66 1772 133 1803 nae
143 1754 166 1802 ὲ
178 1755 372 1803 tumultu
383 1757 558 1818 petituri
571 1777 583 1811 3
602 1773 681 1804 nec
696 1755 807 1802 abest
817 1769 966 1802 tamen
976 1773 1059 1819 pu·

45 1848 47 1867 2
62 1821 211 1868 niendi
224 1822 333 1868 ratio
347 1856 361 1876 ,
393 1821 508 1869 salva
521 1822 661 1869 Ducis
683 1821 943 1868 authoritate
954 1820 1058 1869 obe-

46 1887 322 1950 idientiaeque
335 1886 556 1950 exemplo.
594 1888 723 1951 Qid
741 1888 796 1934 ad
816 1888 1059 1950 antiquiora

59 1968 284 1999 recurram
299 1957 315 1999 ?
328 1953 442 2000 adest
452 1955 632 2001 recentis
645 1954 873 2001 memoriae
884 1953 1055 2000 fastum

45 2043 47 2049 ⁴
53 2018 160 2080 justi
175 2017 405 2066 bellatoris.
444 2020 624 2067 Gustavi
657 2019 856 2082 Adolphi
889 2022 1052 2066 Sueco-

46 2112 47 2115 =
59 2100 165 2130 rum
176 2085 333 2147 Regis,
345 2084 415 2131 cui
427 2083 536 2131 curn
549 2085 595 2131 in
607 2085 745 2133 castris
758 2096 842 2133 tres
854 2085 1052 2133 millena-

45 2215 46 2218 Ἴ
60 2149 132 2198 riae
147 2150 337 2215 legiones
348 2151 407 2199 ob
419 2167 511 2221 non
521 2151 659 2202 soluta
694 2155 712 2215 (
726 2150 842 2200 forte
857 2152 879 2211 )
894 2152 1062 2265 stipein--

1012 2233 1063 2264 ia
