1320 2490
179 126 417 171 sempr.
456 126 868 173 FRAGMENTA.
942 138 1049 190 335.v

47 216 241 260 tantem,
267 206 388 253 velut
399 208 683 255 amissurum
671 226 717 254 in
730 220 892 255 terram
902 209 1038 271 proji-

46 271 254 325 cientem,
269 288 376 318 cum
389 272 486 320 alias
498 274 559 319 rei
572 275 863 321 oeconomicae
876 275 1040 337 peritus

44 332 189 382 laudet
199 338 479 392 industriam,
493 339 650 401 probet
663 355 842 394 curam,
870 357 967 404 quae
980 340 1041 387 fic

43 402 288 448 amittendo
322 374 538 458 1110131111,
574 405 749 467 projicit
783 407 967 453 unicum
991 411 1055 453 ut

44 468 238 514 demetat
259 468 439 522 decem,
453 470 524 515 dat
546 481 668 516 terrae
687 471 847 535 largius
868 470 966 524 sua,
993 482 1055 518 ut-

44 532 234 580 vicissim
254 549 360 581 cum
383 533 560 581 foenore
572 537 748 597 recipiat
768 536 880 585 iilius
896 536 1010 583 dona
1027 569 1054 590 „

47 611 99 645 ut
123 599 333 662 Principis
355 599 541 646 libertati
573 602 714 662 aptior
736 602 855 647 nulla
888 602 1042 666 imago

43 665 274 718 statuatur,
298 681 435 731 quam
458 665 577 711 haec
567 683 611 712 m
625 681 761 713 manu
773 666 1013 714 seminante
1025 701 1053 722 ‚J

47 746 141 776 non
162 731 327 777 damno
360 728 434 777 sed
453 731 575 778 lucro
597 732 811 786 habituri,
847 733 1004 796 quod
992 749 1042 780 111

46 795 267 842 ministros
291 797 448 861 dignos
463 798 677 861 erogarit,
687 812 775 844 aut
786 798 906 845 secus
929 798 1052 846 illud—

45 861 268 916 amifl'uri,
293 862 506 926 quidquid
530 864 719 926 indignis
744 864 932 910 contulit
941 880 1042 927 gra·

45 927 118 974 tiae
129 930 172 974 &
186 929 420 982 muneris,
411 931 558 975 ·Nam
572 930 691 976 velut
704 946 806 993 ager
824 929 1012 993 frugifer
1024 963 1039 984 ‚

46 993 287 1056 decuplum
312 1011 393 1057 pro
414 1012 466 1041 eo
481 995 601 1058 quod
629 1012 667 1041 ci
666 997 848 1041 editum
871 996 1044 1050 tenuit,

47 1059 192 1106 reddit
201 1061 428 1124 agricolae,
457 1061 515 1107 fic
525 1061 666 1108 bonus
682 1061 876 1108 minister
888 1062 1040 1108 dexte-

45 1125 170 1171 ritate
183 1129 227 1172 &
239 1126 414 1172 scientia
423 1126 648 1199 obsequii,
671 1127 811 1173 reddit
825 1126 1042 1173 munifico

47 1191 241 1253 Principi
250 1192 347 1254 plius
359 1203 497 1258 quam
507 1195 699 1266 accepit,
712 1194 826 1239 dum
837 1193 951 1239 bello
964 1201 1047 1239 aut

47 1272 161 1330 pace
174 1256 384 1305 scientem
408 1254 452 1304 se
463 1258 711 1305 ministrum
722 1259 910 1320 praebet,
934 1261 1043 1305 P'ro-

46 1322 208 1369 vincias
231 1323 419 1385 Principi
443 1336 587 1387 parat,
622 1324 895 1387 populorum
917 1339 1043 1370 amo-

46 1404 146 1434 rem
160 1388 361 1435 conciliat
382 1389 492 1435 dum
505 1390 705 1452 providet
725 1402 778 1436 ut
799 1406 877 1453 per
888 1389 1042 1436 omnia

44 1468 112 1500 res
125 1452 334 1516 Principis
357 1455 511 1501 fl'oreat
522 1468 604 1501 nec
616 1454 805 1509 labatur,
832 1471 929 1517 quae
943 1452 1045 1502 alias

50 1518 215 1566 inscitia
225 1520 611 1567 administrorum
599 1537 644 1566 111
656 1521 883 1568 adversum
899 1521 1046 1567 neces

0 1584 92 1631 fe
115 1585 248 1632 abeat.
288 1586 467 1632 Minore
492 1587 675 1649 quidem
702 1586 886 1659 (fateor)
911 1585 1049 1632 aerarii

0 1623 3 1716 1
51 1652 97 1697 81
121 1651 268 1714 gratiae
297 1650 554 1713 dispendio,
593 1652 781 1698 obvios
771 1669 816 1698 1n
842 1651 1048 1714 obsequia

49 1714 126 1762 sua
149 1715 383 1763 intrusores
407 1729 527 1778 paret
560 1717 640 1763 fibi
669 1718 888 1764 ministros
923 1718 1048 1764 Prin-

51 1797 166 1844 ceps,
181 1782 394 1828 sedetiam
409 1784 606 1847 graviore
619 1783 783 1830 damno
796 1800 952 1829 eorum
979 1785 1048 1830 in-

51 1849 212 1894 ertiam
231 1849 506 1911 experiatur,
532 1861 582 1894 ut
594 1849 720 1895 malit
731 1849 862 1911 plus
851 1866 895 1894 1n
907 1849 1050 1896 bonos

54 1930 259 1976 erogare,
287 1915 430 1960 dando
443 1914 700 1961 lucraturus.
730 1916 877 1961 Non
866 1932 911 1961 111
922 1917 1053 1979 Toga

55 1978 188 2032 vero,
197 1979 285 2025 sed
310 1980 450 2044 magis
478 1981 523 2026 in
549 1984 661 2044 Sago
685 1997 783 2027 eam
807 1981 1052 2043 impensam

0 2062 2 2071 ·
57 2045 219 2108 optimi
246 2045 355 2091 lucri
370 2047 470 2091 loco
482 2045 657 2092 habebit
669 2047 902 2109 Princeps,
929 2047 1053 2110 quod

57 2110 185 2157 bonis
200 2112 414 2157 militibus
423 2112 620 2173 parandis
632 2111 847 2165 effuderit,
866 2113 944 2158 nisi
957 2130 1050 2159 ma·

0 2224 4 2232 ,
56 2175 109 2224 111
134 2177 323 2227 inertem
356 2178 533 2226 turbam
563 2179 714 2226 aerario
747 2181 793 2227 &
815 2178 1056 2226 Provinciis

557 2246 600 2292 1²>
630 2250 667 2308 3·
961 2259 1058 2310 gra-
