1320 2490
219 111 451 155 Scnwr.
489 109 895 155 FRAGMENTA.
969 123 1060 170 319

77 208 210 239 mum
235 193 503 266 Symbolum
538 193 622 239 effe
642 194 807 255 potest,
844 191 1042 239 videlicet
1056 225 1068 246 ,

78 270 297 320 quantum
331 258 466 332 gratia
486 258 617 320 poffit
639 258 764 321 supra
797 258 1067 306 violentiam.

80 325 192 370 Non
215 325 374 386 eripuit
405 324 477 370 sed
499 324 644 386 potius
668 325 823 371 fortius
836 326 998 370 vestem
1008 339 1072 369 ειςκ

79 390 289 453 stringere
301 389 507 453 cingulo,
521 389 692 436 causam
713 391 864 437 viatori
876 389 1019 436 dedit
1002 406 1074 456 gn·

79 453 260 518 fiirgens
272 467 453 508 ventus,
468 454 685 518 fatigavit.
676 460 691 490 ³
717 455 786 502 sed
813 455 900 517 ipse
922 455 1073 518 fatiga-

81 531 178 573 tus,
206 520 453 566 molestiam
475 519 606 572 fecit,
637 520 710 566 sed
738 522 956 583 majorem
985 519 1074 582 ipse

81 585 207 639 tulit,
231 586 342 632 dum
366 584 518 631 frustra
540 585 633 632 vim
657 600 852 640 exeruit,
886 585 1073 632 severius

83 651 301 714 expoliare
325 651 514 708 studuit,
531 668 675 714 eoque
689 667 830 713 majus
842 663 1075 716 ingenium

81 718 135 763 ad
148 689 597 764 renstendurn‘vizitori
609 718 752 764 movit
765 752 778 771 ,
795 730 842 764 ut
853 717 911 770 se,
924 718 1075 764 advexe

83 782 153 830 sus
180 783 271 829 vim
300 783 518 837 muniret,
543 783 775 847 cingulum
800 784 902 830 vesti
924 782 1072 845 super,-

81 849 334 902 induceret‚
358 862 493 911 prout
516 851 576 896 est
608 849 825 896 veriffima
840 849 1075 895 malitiaein

83 914 263 977 seipsam
275 914 484 962 saevientis
498 915 664 980 imago.
691 918 812 977 Saepe
824 916 935 962 dum
951 931 1072 962 exar-

37 1003 45 1006 ·
84 997 208 1027 mare
229 980 471 1036 volumus,
498 982 643 1044 potius
663 981 970 1045 praecavendo,
1006 997 1071 1028 ar-

48 1067 63 1070 *
85 1046 246 1094 mandi
258 1046 300 1093 se
311 1047 596 1094 occasionem
610 1048 790 1101 damus,
814 1047 924 1093 dum
936 1046 1076 1094 mina-

85 1113 192 1159 citer
192 1126 487 1192 extorquere
520 1113 753 1167 volumus,
769 1113 1075 1160 exacerbamus

85 1163 226 1225 verius
253 1195 419 1257 quam
412 1179 691 1234 obtinemus,
731 1177 824 1242 quo
857 1179 1075 1225 ardentius

87 1245 338 1324 flagitamus
372 1261 425 1291 eo
449 1245 686 1307 impenfius
712 1257 922 1308 negatum
943 1244 1076 1292 habe-

87 1327 215 1364 mus,
242 1327 335 1373 quo
349 1311 487 1384 magis
508 1312 775 1364 diffidimus,
802 1328 857 1357 eo
873 1310 1074 1356 diffiden-

85 1376 157 1422 tiae
179 1377 225 1423 in
250 1393 330 1423 nos
365 1376 542 1433 maioris
567 1376 735 1423 causam
770 1375 1076 1440 suggerimus,

85 1458 220 1489 nemo
231 1442 351 1488 enim
365 1442 537 1496 diffidit,
551 1442 630 1488 nifi
642 1459 719 1505 qui
708 1441 914 1505 seipsum
928 1441 1077 1488 occul-

86 1518 141 1554 tae
151 1508 326 1554 malitiae
338 1507 481 1577 arguit
491 1542 505 1562 ‚
536 1524 616 1554 nec
626 1524 827 1554 amorem
840 1507 919 1553 i1bi
931 1506 1077 1553 deberi

31 1623 33 1625 ,
79 1574 274 1636 judicat,
298 1574 386 1637 qui
400 1571 488 1635 ipse
510 1591 612 1620 non
624 1585 763 1620 amat·
753 1606 766 1627 ,
806 1573 994 1620 Ceffavit
1015 1573 1079 1619 vis

88 1643 134 1686 &
167 1638 324 1685 saevicia
357 1639 499 1692 venti,
514 1639 737 1686 videamus
757 1638 952 1685 mollius
972 1637 1080 1701 quid

85 1705 219 1768 poffit
231 1717 451 1751 certamen
465 1709 480 1750 ?
509 1705 639 1751 Adest
652 1721 759 1751 cum
772 1703 847 1750 fua
858 1703 1004 1750 serena
1013 1703 1077 1749 fa-

85 1771 153 1819 cie
168 1772 258 1825 Sol,
272 1770 540 1835 splendentes
554 1770 687 1817 firnul
713 1774 757 1818 &
770 1769 930 1816 calidos
942 1768 1082 1816 mittit

84 1837 132 1884 in
142 1837 356 1884 viatorem
365 1837 533 1891 radios,
559 1837 702 1883 rident
711 1847 830 1899 prata
839 1869 853 1889 ‚
878 1834 1079 1882 coalescit

84 1906 160 1950 aer
172 1900 498 1967 ‚sudatagratia
509 1903 660 1949 caloris
673 1903 837 1955 viator,
850 1901 978 1948 solvit
988 1901 1078 1964 pri-

86 1985 222 2016 mum
235 1968 447 2022 fibulam,
473 1969 708 2033 cingulum
730 1967 952 2042 discingit,
977 1967 1080 2013 dein

84 2036 252 2082 vestem
273 2034 429 2096 sponte
456 2034 645 2081 detrahit
658 2068 672 2088 ,
694 2034 858 2098 seque
845 2050 892 2080 m
916 2045 1080 2080 terram

84 2101 138 2148 ad
163 2100 482 2149 confeffionem
505 2099 727 2155 victoriae,
750 2115 900 2147 coram
920 2098 1080 2146 trium-

85 2165 281 2230 phatore
294 2165 410 2223 sole,
435 2167 560 2218 laffus
584 2166 787 2296 benignae
809 2165 896 2216 litis
916 2164 1086 2295 εἶξαί,
