1320 2490
184 121 425 165 SCRM’T.
463 117 872 163 FRAGMENTA.
968 121 1031 179 65-

0 212 14 240 ³·
42 202 148 252 cum
169 203 243 249 ille
265 203 329 250 sui
354 202 562 265 Principis
586 201 800 249 voluntati
824 201 1035 248 obsecun-

0 279 13 308 0
42 270 138 316 dare
147 270 317 325 studet,
339 269 386 315 in
398 280 550 315 caetera
564 285 654 315 non
675 269 866 315 intentus
884 267 964 321 fit,
989 270 1036 315 &

0 356 11 364 ·
42 334 147 397 ssepe
189 334 408 382 bonarum
474 335 755 382 occasionum
807 346 1039 380 momenta

0 421 10 437 ⁹
42 399 242 454 tranffflt,
268 416 413 447 unum
435 401 536 447 dein
550 401 738 447 summae
761 416 912 446 rerum
924 415 1035 462 prae-
1060 421 1165 461 Unm

0 487 10 495 ·
43 465 155 512 ficiat
167 467 370 529 Princeps
393 483 483 513 non
494 467 666 530 plures3
693 466 832 512 adfint
855 462 959 511 licet
971 465 1034 510 vi·
1054 475 1198 522 summa

0 553 10 560 ·
42 532 504 586 carii&consultores,
530 532 727 578 consulat
739 530 812 576 ille
824 530 1034 593 quidem,
1057 525 1138 562 belli
1176 578 1182 583 ,

0 619 8 626 ·
42 597 113 644 sed
147 597 330 644 meliora
363 614 443 660 pro
475 597 652 644 arbitrio
686 607 952 659 exequatur,
987 610 1037 641 ac
1056 578 1223 667 {Zficw

0 674 10 703 τ
43 663 251 710 omnibus
275 663 363 726 ipse
382 664 537 727 praesit.
576 662 783 709 Vidimus
812 661 1036 723 nuperda-
1123 655 1137 670 “

0 751 7 758 -
43 744 151 775 mno
176 730 352 783 nostr05
381 732 504 776 Cum
517 745 594 792 per
614 728 864 790 resped’mm
888 726 1034 788 perib-

0 817 6 824 ·
40 810 198 840 narum
227 796 423 856 (optimo
436 795 534 841 alias
548 794 779 851 exercitui)
803 805 889 839 tres
912 792 1035 839 sum-

0 872 6 901 )
42 875 125 907 mae
142 860 246 905 belli
270 858 293 905 a
316 860 562 922 Republica
582 859 933 922 praeficerentur,
959 858 1033 903 de-

0 947 18 956 ··
42 941 140 972 cem
169 923 263 971 fere
281 924 398 987 (imo
415 925 581 987 plures)
597 923 621 970 ἐ
637 923 880 987 purpuratis
891 926 1034 969 Com-

0 1005 10 1033 ι’
43 990 336 1038 missariorum
349 991 429 1037 sub
440 991 570 1036 titulo
596 996 612 1046 (
629 989 882 1052 impedituri
895 990 1035 1052 magis

0 1069 6 1099 τ
42 1073 116 1119 per
138 1056 467 1104 aemulationem
492 1055 764 1102 authoritatis
777 1052 913 1117 quam
927 1070 1035 1100 con-

0 1139 3 1164 ε
42 1121 226 1179 fulturi)
274 1122 319 1167 in
364 1121 618 1168 societatem
662 1120 1031 1174 adscriberentur3

0 1205 2 1230 ι
43 1187 279 1233 consulunt
299 1187 362 1233 illi
378 1221 391 1240 ,
415 1203 464 1233 ac
486 1188 541 1233 de
562 1187 754 1249 prioratu
777 1186 918 1248 magis
942 1185 1033 1231 col-

43 1253 264 1298 luetantur
276 1288 288 1307 ,
301 1253 492 1299 interim
512 1252 642 1298 hostis
662 1251 882 1297 invalescit
893 1285 906 1303 ,
930 1266 1034 1313 pro-

42 1318 263 1382 greditur,
287 1330 418 1382 urget
431 1338 444 1372 3
484 1318 611 1379 Qid
634 1320 773 1380 ergo?
809 1315 1038 1370 Historicis

42 1384 278 1429 dicendum
302 1384 517 1445 relinquo.
556 1383 718 1428 Noster
741 1380 924 1444 quidem
949 1383 1034 1427 Po-

44 1447 170 1495 [onus
184 1448 311 1494 miles
323 1450 397 1501 est,
413 1465 504 1511 quo
517 1448 751 1493 meliorem
764 1447 816 1493 ad
829 1446 1037 1511 subigen-

43 1514 114 1560 das
138 1524 288 1577 gentes
311 1515 450 1561 castris
474 1530 566 1559 non
587 1523 739 1576 opte53
766 1529 900 1575 eques
913 1513 1037 1558 enim

43 1579 298 1625 dexteritate
329 1595 562 1627 armorum
586 1578 926 1631 Nobiliffimus,
963 1577 1037 1623 cui

7 1699 15 1706 ²
45 1660 123 1707 per
134 1643 334 1690 thurmas
348 1661 455 1692 cum
470 1645 585 1690 hasta
597 1645 801 1690 cominus
814 1643 1005 1688 venienti
1019 1677 1035 1696 ‚

45 1709 201 1772 perviae
214 1711 380 1756 necesse
391 1710 476 1756 fint
486 1710 728 1756 sariffarum
740 1709 1035 1772 leg-iones‚pe-

42 1775 118 1822 des
131 1777 238 1822 item
253 1776 424 1822 eminus
437 1787 568 1838 atque
578 1776 782 1822 cominus
796 1775 936 1820 bonus
950 1774 1009 1820 est
1020 1807 1035 1827 ,

46 1841 198 1887 inediae
212 1840 454 1904 laborisque
464 1840 820 1887 tolerantissimus
835 1874 847 1892 ,
871 1839 1036 1903 patien-

46 1906 196 1953 tisfimi
231 1919 419 1970 uterque
451 1905 710 1969 disciplinae,
746 1903 902 1952 verum
948 1905 1038 1952 heu

46 1984 204 2018 aeterna
227 1973 422 2018 numinis
447 1972 664 2035 potentia,
694 1971 961 2035 qualitertua
972 1971 1034 2016 di-

47 2038 158 2092 vidis
171 2037 267 2084 orbi
281 2038 424 2084 dona?
451 2038 595 2084 videre
605 2039 703 2085 alias
727 2049 852 2084 metu
863 2036 943 2083 suo
954 2053 1037 2099 po-

47 2104 277 2150 tentiffimi
288 2104 443 2167 populi
455 2138 468 2157 ,
492 2116 709 2166 quantum
722 2104 890 2152 Polona
900 2103 1036 2150 virtus

41 2168 171 2216 bono
183 2169 262 2218 sub
275 2173 544 2234 Imperatore
551 2171 698 2234 poffit.
954 2234 985 2280 P

989 2245 1040 2279 ΓΟ
