1320 2490
213 144 282 190 40
350 131 628 176 ANDREAE
663 133 823 178 MAx.
862 133 1122 181 Famae>

229 215 370 278 penfis
394 216 704 279 impinguandi
724 217 842 281 agii,
879 221 924 265 &
946 217 1226 265 authumnali

228 282 425 329 semente
435 280 750 336 subtraxerint,
776 300 867 329 non
890 300 996 348 agro
1018 284 1129 331 illud
1152 284 1227 330 sed

227 347 305 392 fibi
331 346 592 400 detractmi,
618 359 837 411 quantum
859 350 922 396 illi
948 351 1226 414 negaverint,

227 423 405 458 tantum
416 411 535 460 secus
547 413 783 468 luclaturi,
811 427 1028 478 quantum
1043 416 1121 462 fibi
1134 432 1228 462 non

221 479 491 532 affervarint,
495 478 567 525 sed
578 449 834 527 donaverint
843 493 968 527 terrae
980 481 1085 528 boni
1096 481 1227 527 semi-

228 544 295 591 nis
309 580 322 598 ,
339 548 383 591 ὃς
397 542 489 608 quo
504 545 663 609 largius
675 547 941 609 projecerint
953 582 967 601 ‚
990 545 1114 593 tanto
1127 545 1226 610 plus

222 611 474 673 percepturi
485 612 719 658 commodi
734 649 750 669 ,
773 624 823 659 ut
844 614 1022 660 stultam
1035 613 1226 659 omnino

220 676 271 722 in
294 676 552 723 seminando
576 693 788 724 vocemus
810 679 1123 742 parsimoniam
1137 713 1151 732 ,
1178 681 1226 725 ὅτ,

222 742 476 805 Principem
490 742 821 806 imprudentem
838 744 916 808 qui
928 744 1008 790 fibi
1031 744 1168 808 parcit
1180 744 1225 790 in

219 808 534 871 promovendo
558 809 680 855 bono
703 809 781 856 fibi
805 808 829 856 a
850 812 953 857 Deo
973 810 1119 857 traditi
1142 826 1223 874 po·
1279 812 1281 814 ’

222 874 329 937 puli.
360 874 438 921 Ast
449 875 689 938 agricolam
702 876 886 939 quidem
909 893 1046 923 nemo
1068 892 1222 940 argue·

222 941 282 986 rit
305 940 337 986 fi
361 941 557 987 remittat
590 941 669 987 fibi
703 959 796 988 non
830 942 952 989 alteri
985 942 1194 1001 injuriam
1207 978 1226 1000 ,

222 1006 427 1068 Princeps
440 1006 546 1052 vero
559 1007 591 1052 fi
605 1008 834 1072 negligens
845 1008 900 1054 fit
912 1043 925 1062 ‚
948 1007 992 1054 se
1002 1007 1226 1071 suumque

221 1072 367 1134 perdit
399 1072 618 1135 populum
633 1107 648 1127 ,
682 1074 829 1137 arguit
862 1089 968 1119 eum
1002 1073 1221 1137 populus,

218 1138 364 1202 arguit
406 1150 624 1185 aeternum
661 1140 934 1202 judicaturus
959 1139 1047 1202 ipse
1079 1142 1217 1186 Deus.

221 1205 402 1250 Tondet
414 1221 520 1268 ergo
532 1204 625 1251 suas
638 1222 742 1252 oves
764 1206 908 1252 bonus
932 1205 1139 1269 Princeps
1167 1216 1218 1252 ut

217 1270 457 1332 repetitum
470 1269 672 1317 fructum
684 1271 917 1334 percipiat,
931 1282 974 1318 at
985 1271 1127 1317 malus
1141 1271 1217 1317 de·

221 1335 458 1399 gluberat,
494 1352 639 1398 eoque
661 1354 811 1384 avarus
835 1337 899 1383 sui
921 1337 1218 1400 depraedator,

222 1401 326 1465 quia
339 1401 573 1464 supprimit
586 1401 804 1455 frudtum,
819 1406 864 1450 &
878 1404 1006 1450 unius
1018 1402 1219 1465 speciosae

219 1467 324 1513 vicis
338 1467 461 1514 causa
472 1466 687 1530 perpetuo
700 1467 744 1514 se
767 1468 914 1520 exuit,
938 1468 1126 1529 suosque
1137 1485 1217 1530 po-

220 1534 353 1579 steros
377 1534 660 1580 commodo·
650 1553 663 1588 3
711 1533 854 1579 videat
874 1549 974 1596 apes
998 1544 1218 1595 quantum

218 1599 304 1645 illae
329 1598 408 1645 suo
429 1598 642 1662 provisori
675 1599 853 1662 repetita
876 1600 1015 1645 aestate
1039 1598 1213 1644 mellifi-

218 1678 355 1718 cant,
402 1665 437 1711 fi
471 1666 550 1711 fibi
583 1665 825 1729 pepercerit
859 1669 904 1712 ὃς
926 1664 972 1710 in
997 1664 1122 1710 hibei
1123 1664 1220 1711 nale

219 1731 637 1779 sustentamentum
625 1749 670 1777 1n
680 1731 842 1795 apiario
855 1730 1014 1794 largius
1027 1730 1216 1793 relique-

218 1798 276 1843 rit
288 1797 458 1851 mellis,
474 1814 634 1844 verum
650 1798 682 1844 fi
695 1809 790 1844 totu
798 1814 846 1843 m
859 1796 951 1842 mel
963 1796 1126 1843 avidius
1139 1813 1214 1842 au-

217 1863 352 1916 ferat,
377 1880 475 1926 apes
498 1880 576 1927 per
597 1864 789 1911 inediam
811 1873 984 1916 enecat,
1011 1865 1056 1909 &
1080 1862 1212 1908 simul

217 1930 422 1977 frudhzm
434 1930 681 1993 supprimit.
708 1933 921 1977 Mutuam
935 1929 1008 1975 hic
1032 1927 1211 1975 felicita-

217 2008 310 2043 tem
324 1997 437 2043 dicas
450 1997 599 2058 apium
615 2000 658 2043 &
678 1995 910 2059 provisoris
926 2030 937 2049 ,
964 1995 1110 2040 felices
1132 1993 1212 2041 fibi

216 2062 295 2109 suo
310 2060 443 2109 melle
455 2078 552 2124 apes
566 2065 582 2107 ?
607 2062 714 2108 felix
725 2061 833 2108 item
846 2060 997 2107 suffitu
1009 2070 1183 2106 curator
1196 2094 1210 2114 ,

217 2130 561 2192 depauperantur
583 2127 671 2174 illae
692 2127 869 2202 largiori
904 2126 1115 2173 nutn'tivo
1137 2138 1212 2173 aut

217 2205 473 2243 enecantur
464 2198 479 2229 ἓ
492 2210 656 2260 pauper
667 2195 748 2242 erit
758 2194 935 2258 apium,
922 2203 1213 2304 ‚paupkeiitate

1082 2274 1111 2304 u
1131 2268 1203 2305 tus

1298 2221 1307 2353 ιζ

1296 2367 1308 2490 1
