1320 2490
233 143 326 188 234
363 128 637 173 ANDREAE
672 123 827 167 Max.
867 122 1116 168 Fumo

232 212 463 260 eluerantia
487 211 607 256 velut
642 226 699 256 ex
718 208 868 256 abdito
892 209 1021 256 verba
1047 245 1061 264 ,
1086 210 1227 275 gestus
1265 231 1268 234 ⁴

236 282 281 325 &
305 279 486 324 incessus
509 276 712 339 quaesitus
738 309 751 328 ,
788 275 926 325 ,facies
956 277 1010 322 ad
1033 277 1229 340 rigorem
1239 278 1249 305 7

237 345 400 397 coadita,
415 354 520 407 toga
533 343 750 395 diffluens,
767 354 916 388 ornata
929 343 1105 396 domuS,
1119 343 1230 389 dum
1240 335 1262 350 ”

232 426 310 473 per
320 409 494 462 omnia,
521 408 667 472 affec‘lu
692 408 926 473 magnifici,
956 426 1084 454 rerum
1099 399 1262 474 tamen}-⁸

224 475 329 541 sunt
344 479 464 523 vacui
480 505 491 527 ,
521 490 632 537 quos
655 475 794 520 verius
806 475 958 520 statuas
970 477 1231 522 Senatorum
1254 484 1257 485 ’

238 558 328 588 non
373 545 597 586 Senatores
630 556 757 585 voces
783 574 797 593 ,
850 552 984 602 prout
1030 551 1231 586 veterum

237 607 522 654 ethnicorum
548 618 667 651 erant
679 606 819 658 idola
833 605 990 668 quibus
1003 621 1109 652 cum
1125 604 1257 651 divi--

236 674 346 720 nitas
378 673 579 734 quaedam
615 672 920 733 imponeretur
943 671 1062 717 nulla
1085 683 1255 717 tamen

235 739 399 791 inerat,
423 736 621 800 illudque
645 736 815 798 ipsum,
841 736 1078 800 quiamuta
1089 743 1263 791 erant,

235 821 289 869 p1
291 822 318 850 o
333 803 574 867 magnifico
589 802 850 856 habebatur,
877 802 996 866 quafi
1009 802 1135 865 supra
1148 802 1267 903 ho-a

235 871 416 918 minum
441 869 671 933 ingenium
699 871 916 915 &vocem
940 867 1166 922 locutura,
1199 868 1260 916 fi

236 936 417 983 tandem
444 935 755 998 loquerentur,
781 946 833 981 ut
854 951 953 997 quae
975 935 1101 990 alias,
1125 948 1256 981 con»

234 1013 430 1064 temptus
445 1002 528 1047 effe
541 1001 714 1048 deberet
730 1001 934 1054 materia,
950 1001 1102 1047 eadem
1120 1000 1247 1063 apud'

236 1068 411 1142 ignaros
424 1084 451 1113 v
454 1080 597 1113 enerat
599 1067 710 1114 ionis
724 1066 957 1113 haberetur
970 1067 1138 1114 occafio
1151 1101 1164 1121 ,
1191 1069 1237 1114 &

236 1134 390 1198 opinio
435 1133 751 1180 substrueretur
794 1133 933 1179 tacitae
989 1132 1255 1205 majestatis,

236 1202 512 1263 Qanquam
538 1215 594 1244 ne
614 1199 720 1246 iniis
745 1199 1028 1246 exterioribus
1052 1181 1255 1264 gravitas

237 1266 517 1336 negligenda,
536 1281 633 1328 quae
646 1282 739 1312 non
751 1264 901 1310 leviter
922 1265 979 1311 ad
1001 1265 1234 1311 authorita-

235 1342 330 1378 tem
354 1329 612 1384 conferunt‚
637 1347 719 1377 nec
731 1330 853 1376 decet
864 1333 1119 1377 Senatorem
1132 1328 1237 1376 levi·

237 1408 327 1450 tas,
344 1396 416 1441 sed
431 1408 580 1441 tamen
595 1396 691 1442 haec
702 1397 856 1457 utique
867 1396 1126 1442 dissimulari
1136 1394 1234 1457 pos-

235 1460 361 1515 sunt,
397 1476 555 1506 verum
580 1460 952 1505 consulendorum
976 1463 1021 1506 &
1043 1460 1236 1524 agendo-

235 1543 340 1573 rmn
352 1543 404 1589 pr
407 1525 606 1579 udentia,
620 1537 721 1572 tum
735 1527 876 1574 Virtm
888 1524 976 1572 sola
990 1541 1146 1572 verum
1161 1528 1237 1571 Se-

238 1605 438 1639 natorem
462 1591 578 1637 facit.

303 1658 418 1705 Scias
444 1655 549 1704 vero
576 1655 771 1720 quisquis
799 1673 842 1703 es
869 1654 1144 1719 scrupulosus
1157 1655 1235 1702 sta-

238 1734 372 1771 tuum
397 1722 612 1786 expensor
628 1759 644 1779 ,
666 1720 775 1769 cum
800 1723 854 1768 de
878 1722 1151 1784 privatorum
1176 1722 1236 1768 ci-

181 1825 184 1829 ,
240 1790 366 1836 vium
381 1790 576 1853 potentia
588 1789 760 1839 locutus
773 1787 875 1835 sum
889 1823 902 1842 ‚
928 1805 985 1834 ne
998 1799 1041 1834 te
1052 1788 1237 1834 admira-

234 1856 442 1902 bundum
455 1856 630 1909 reddat3
658 1871 762 1901 nam
781 1854 855 1900 hic
875 1853 984 1900 ratio
1006 1853 1150 1900 habita
1161 1869 1239 1916 per

237 1923 392 1968 omnia
404 1957 417 1975 ,
431 1938 522 1968 non
535 1923 627 1980 ejus
642 1919 913 1982 Reipublicae
923 1936 1025 1984 quae
1037 1920 1091 1966 fit
1106 1919 1240 1971 Urba

242 1993 258 2048 (
274 1999 323 2033 ut
337 1987 423 2033 fuit
433 1988 545 2033 olim
557 1988 673 2050 apud
684 1989 920 2033 Romanos
946 1998 1021 2032 aut
1045 2001 1166 2032 nunc
1179 1985 1237 2032 est

237 2053 352 2115 apud
370 2052 564 2115 Venetos)
601 2053 674 2099 sed
688 2054 780 2114 ejus
794 2068 891 2115 quae
903 2052 955 2099 fit
978 2055 1209 2100 Provinciae
1223 2079 1238 2103 ‚
1259 2083 1270 2086 -

238 2131 286 2164 ut
309 2119 367 2164 est
391 2119 505 2181 apud
528 2135 607 2164 nos
633 2119 854 2172 Polonos,
891 2118 966 2164 etfi
991 2133 1090 2181 quae
1115 2117 1235 2172 aliae3

242 2200 431 2249 quarum
470 2184 536 2232 uti
571 2183 671 2232 sunt
704 2184 999 2232 diverfiffimae
1044 2194 1234 2295 naturae,

1141 2246 1234 2296 leet
