1320 2490
194 112 437 156 Serum.
473 107 880 153 FRAGMENTA.
964 120 1023 151 21

37 195 123 242 succ
136 211 202 242 res
217 211 272 240 ex
286 193 373 239 fide
383 203 512 257 agant
524 226 537 245 ,
552 203 602 238 ut
614 190 708 238 suas
722 225 735 244 ,
753 206 844 236 non
855 188 1031 243 alienas,

37 273 139 307 tum
163 261 217 306 de
229 259 472 322 potioribus
495 257 648 304 incolis
672 256 861 304 referant
884 255 1001 320 Regi
1015 288 1032 309 ‚

38 326 254 389 quoniam
286 325 554 388 perarduum
588 322 779 386 Principi
824 321 946 368 noffe
980 337 1033 368 o·

37 408 166 438 mnes
178 426 191 446 ,
207 393 324 438 unde
334 391 366 437 fi
379 407 456 455 per
469 390 763 454 ignorantiam
774 387 944 451 aliquos
958 403 1032 434 ne·

36 457 276 522 gligentius
291 457 468 510 habeat,
493 455 720 502 summam
741 454 818 500 fibi
831 454 1036 516 inpopu-

37 524 84 570 lo
111 523 319 570 invidiam
335 522 536 570 conciliat
548 522 752 583 Princeps
764 554 778 574 ,
803 532 855 565 ut
865 517 920 564 eo
932 519 1032 581 plu-

37 606 104 635 res
116 589 201 634 smt
212 589 383 634 inimici
397 623 410 642 ,
426 586 518 651 quo
541 587 687 650 plures
709 585 811 632 sunt
823 584 1033 630 beneme-

37 654 124 700 riti.
165 655 354 700 Annales
380 654 514 700 nostri
536 653 804 717 suggerunt,
838 648 1033 713 pulchro

40 736 170 767 more
193 722 238 766 &
255 721 450 766 instituto
474 722 622 783 Reges
645 717 949 770 Polonorum,
977 731 1036 762 ex

38 803 131 832 uno
145 785 383 832 Palatinam
406 786 452 832 in
463 785 601 831 alium
626 783 917 835 commfflffe,
937 780 1034 844 juss

39 867 128 914 que
153 852 392 898 Provinciis
417 851 596 903 diia'sse,
620 848 1036 895 indeinadventum

39 918 180 982 Regis
196 952 208 971 ,
233 917 388 963 incolae
401 917 552 962 animo
566 919 611 963 ὃς
634 915 795 961 virtute
806 913 1035 978 erigeban-

38 995 111 1029 tur
124 1019 136 1037 ,
152 983 410 1029 verebantur
432 992 638 1029 nocentes
651 1014 665 1034 ,
679 979 774 1042 spes
798 980 942 1026 aderat
952 977 1032 1025 ob-

38 1049 198 1101 noxiis,
212 1046 323 1094 cum
335 1046 461 1094 facile
477 1047 647 1108 injuriae
658 1045 858 1109 praesenti
869 1042 1036 1092 Princi-

37 1114 83 1176 pi
96 1114 370 1160 deferrentur
383 1148 395 1166 ,
432 1113 506 1159 ille
516 1110 621 1158 vero
634 1112 687 1158 ab
698 1111 926 1158 occafione
947 1109 1038 1156 suae

38 1179 272 1242 praesentiae
285 1180 437 1226 omnia
459 1179 505 1225 in
529 1178 688 1224 melius
713 1176 914 1229 curabat,
939 1175 1037 1222 suc-

39 1245 254 1292 crescebat
275 1258 382 1291 tunc
395 1244 514 1308 Regi
528 1245 668 1306 majus
681 1242 876 1288 studium
889 1241 1034 1305 pubh-

39 1311 78 1357 ci
92 1311 222 1364 boni,
239 1310 527 1358 familiaritate
536 1308 810 1371 populorum
825 1342 837 1361 ,
852 1311 896 1355 &
913 1307 1034 1371 (qui-

39 1378 118 1423 bus
131 1377 472 1423 dominabantur
486 1376 502 1432 )
517 1376 725 1421 locorum
739 1408 752 1427 ,
767 1373 840 1419 ffla
849 1373 1037 1427 muniri,

36 1442 110 1488 illa
133 1442 177 1488 in
201 1444 359 1489 melius
384 1442 572 1494 mutari,
631 1439 858 1487 occafiove
890 1440 1040 1486 deerat

36 1507 215 1554 lasciviis
249 1508 357 1555 aulae
382 1543 395 1561 ,
443 1524 541 1570 quae
574 1506 841 1570 plerumque
864 1506 918 1552 ab
941 1506 1038 1552 otio

37 1585 188 1619 amant
208 1575 464 1636 provenire,
502 1571 612 1620 ciim
633 1569 733 1618 alias
747 1573 880 1618 unico
893 1572 1036 1618 inclu-

39 1640 71 1686 fi
104 1641 251 1703 Reges
273 1640 402 1694 loco,
450 1640 596 1703 paucis
619 1639 666 1685 in
694 1638 1037 1685 familiaritatem

39 1704 190 1751 secreti
213 1706 400 1753 admotis
415 1740 427 1759 ,
474 1705 552 1752 fibi
577 1705 751 1768 suisque
773 1704 1007 1768 indulgent
1021 1736 1037 1758 ,

41 1771 161 1833 quasi
185 1771 346 1817 remoti
367 1773 420 1818 ab
441 1772 672 1819 arbitris&
694 1770 868 1833 aspestu
892 1786 1037 1834 popu·

41 1836 73 1883 li
88 1859 100 1892 3
116 1837 148 1882 fi
161 1836 333 1882 fac‘tum
345 1838 593 1902 diligentius
606 1837 760 1900 aliquis
772 1836 1009 1899 perpendat
1020 1869 1037 1890 ‚

41 1902 205 1949 videbit
228 1915 334 1949 tunc
346 1904 455 1950 bene
467 1903 643 1950 creviffe
663 1919 762 1950 rem
786 1903 1002 1949 Polonam
1016 1936 1031 1956 ‚

41 1967 150 2015 cum
175 1985 331 2014 omnes
353 1969 485 2016 suum
508 1971 713 2032 Regem,
750 1986 906 2015 omnes
931 1970 1036 2015 Rex

42 2033 130 2097 ipse
142 2034 367 2090 noscebat,
394 2052 538 2100 neque
564 2051 618 2080 ex
640 2034 748 2082 falso
771 2033 1032 2082 obtrudeba-

42 2101 344 2163 turPrincipi,
358 2103 515 2149 sciolus
528 2118 610 2164 pro
633 2102 865 2165 prudenti,
890 2112 1032 2147 teme-

44 2167 180 2214 rarius
202 2183 284 2231 pro
309 2168 414 2217 forti
438 2172 483 2218 &
502 2168 677 2223 audaci,
702 2183 965 2233 quacunque
987 2167 1035 2211 in

544 2236 578 2280 B
619 2252 644 2282 2
989 2247 1038 2278 re
