1320 2490
294 101 529 145 Schr.
567 98 967 147 FRAGMENTA.
1043 106 1135 163 365

142 186 200 284 S
226 190 489 237 Ala-mandra
511 191 614 254 igne
651 191 864 247 nutritur,
899 193 1134 241 struthioni

226 256 328 302 ferri
355 258 493 318 pastus
518 257 642 303 ialuti
655 258 736 311 est,
762 259 941 306 namilli
966 260 1130 306 &huic

137 335 322 385 utraque
334 339 415 385 plo
429 334 579 368 natura
601 323 726 376 sunt,
753 337 824 371 aut
837 324 956 372 secus
978 325 1132 372 ficon-
1164 340 1166 343 ’

137 400 359 435 vertantur
372 388 417 433 in
431 388 608 435 mollius
619 390 969 445 nutrimentum,
983 391 1132 437 o'mni-

140 472 201 501 no
226 454 310 500 ‘int
332 455 543 500 nocitura.
583 455 728 501 Etiam
753 457 925 519 populis
950 457 1128 520 quibus—

137 522 240 567 dam
266 536 357 566 non
380 534 461 583 pro
488 532 640 566 natura
662 521 844 567 aliaium
870 525 1128 584 Rerumpu-

132 587 382 640 ‘blicarum,
395 586 467 632 sed
480 584 607 650 plane
622 586 674 632 ab
687 588 775 633 aliis
798 588 959 634 diversa
969 589 1129 652 guber—

137 652 267 699 nandi
289 652 424 725 ratio,
463 655 509 699 ὃ(
534 651 710 698 consilia
733 626 999 706 succedunt?
1024 651 1132 700 licet

137 718 336 782 opinioni
350 722 394 766 &
407 718 615 781 usurpatis
641 718 779 782 vulgo
800 719 1000 766 institutis
1021 734 1129 764 con-

136 786 289 839 traria,
314 784 385 829 sed
398 796 546 830 tamen
569 784 671 847 quia
683 797 843 830 naturae
853 783 940 831 suae
951 800 1128 830 accom-

140 851 331 903 modata,
343 847 533 912 ideoque
544 849 798 896 conservant
806 851 978 908 statum.
993 853 1127 896 Sum-

141 934 227 963 mae
251 917 303 962 fit
317 916 554 977 prudentiae
576 931 658 977 pro
684 917 932 962 commodo
953 916 1016 962 sui
1034 918 1126 961 Re-

139 983 215 1046 gni
228 980 468 1028 consulenti
481 980 668 1043 Principi
683 1015 695 1033 ,
722 993 774 1026 ut
783 997 865 1043 pro
890 995 1041 1028 natura
1054 997 1126 1033 ve-

137 1061 286 1093 terum
321 1047 619 1092 institutorum
667 1049 712 1092 &
749 1063 935 1093 morum
970 1047 1127 1110 populi

66 1125 69 1127 ’
142 1117 157 1173 (
177 1110 316 1160 modo
341 1123 493 1158 tamen
508 1111 655 1158 virtuti
681 1111 725 1157 in
740 1113 1008 1159 contrarium
1035 1130 1128 1159 non

140 1178 322 1235 abeant)
358 1177 497 1223 edicta
531 1177 812 1239 modumque
845 1179 1024 1242 regendi
1057 1195 1128 1224 ac-

139 1243 429 1296 commodet,
455 1259 599 1305 neque
619 1243 665 1288 in
688 1243 897 1290 novitates
917 1244 969 1290 fit
982 1244 1127 1292 curio-

137 1308 207 1356 sus
220 1344 234 1362 ,
247 1306 353 1355 licet
361 1308 499 1371 specie
512 1308 713 1354 meliores
729 1343 740 1361 ‚
768 1308 841 1354 sed
865 1310 1128 1372 quiatamen

136 1375 190 1421 ad
213 1389 366 1420 earum
389 1373 518 1420 usum
543 1374 695 1437 populi
718 1390 806 1420 non
830 1374 931 1421 sunt
951 1391 1129 1422 accom-

138 1439 332 1493 modati,
356 1455 458 1485 nam
470 1437 571 1485 vere
597 1439 761 1485 officiat
775 1440 921 1503 magis,
934 1441 1058 1486 statui
1081 1457 1129 1487 ea

138 1504 377 1559 medicina,
401 1505 537 1568 quam
559 1504 708 1566 profit.
744 1507 964 1551 Laudatur
987 1507 1126 1552 confi-

139 1571 251 1617 lium
277 1568 488 1619 Cleomenis
504 1571 581 1631 qui
592 1569 749 1616 labenti
764 1571 1032 1634 Reipublicae
1043 1575 1128 1618 La-

134 1635 551 1683 cedaemonienfium
566 1669 580 1690 2
615 1652 706 1681 non
747 1636 861 1682 aliud
884 1636 1126 1684 subfidium

137 1703 266 1756 tulit,
289 1701 426 1765 quam
449 1713 500 1747 ut
523 1718 603 1764 pro
615 1700 748 1746 veteri
772 1718 907 1761 mores
921 1704 1133 1750 revocatis

138 1768 325 1831 antiquis
338 1767 506 1832 legibus
529 1766 789 1814 &institutis
816 1772 1027 1831 Lycurgi,
1055 1785 1128 1815 na-

138 1833 348 1892 turae⁴suae
361 1832 703 1896 Rempublicam
716 1834 954 1880 restitueret
968 1868 980 1887 ‚
1005 1850 1129 1881 amo-
1190 1849 1193 1852 ·

137 1901 284 1946 vendo
308 1899 436 1947 usum
450 1898 644 1962 pecuniae
667 1899 1004 1946 &demoliendo
1027 1917 1129 1947 mu-

139 1983 239 2020 ros,
277 1982 376 2029 quae
400 1976 584 2028 utraque
617 1981 699 2027 pro
721 1965 907 2029 antiquis
930 1966 1131 2014 institutis

141 2031 301 2078 habere
323 2048 414 2078 non
426 2031 575 2084 licuit,
600 2030 673 2077 sed
685 2032 967 2094 quorundam
990 2047 1128 2084 novo-

140 2113 245 2144 rum
268 2097 434 2144 civium
468 2096 714 2151 curiofitas,
752 2100 798 2145 &
830 2097 1019 2161 speciosa
1045 2101 1132 2158 (ex

139 2174 290 2214 mente
310 2163 384 2215 sua
394 2164 537 2231 magis
559 2180 699 2228 quam
722 2180 804 2228 pro
815 2176 966 2213 natura
976 2164 1128 2220 status)

602 2226 712 2296 Q
989 2229 1097 2277 ratio
1112 2260 1126 2282 2
