1320 2490
215 102 280 167 58
348 103 620 148 ANDREAE
654 101 810 147 MAx.
849 100 1107 147 Fneono

211 195 341 244 valles
355 228 368 248 ,
383 193 509 239 saltus
523 228 535 247 ,
544 193 657 255 ‘quid
670 193 890 240 momenti
901 194 954 239 ad
968 191 1200 239 victoriam

209 260 407 324 profuit?
435 258 543 320 quid
553 257 697 315 obfuit
707 259 861 304 erroris
875 262 892 304 ?
906 259 973 304 vel
986 258 1203 321 quidquid

210 325 392 372 casuum
415 322 586 369 bellum
609 322 769 368 habere
787 325 939 385 potest.
989 324 1204 371 Conferat

209 405 319 454 ergo
354 387 469 434 mihi
501 399 727 434 veteranus
759 404 838 451 per
857 388 1062 450 stipendia
1073 389 1199 436 miles

209 452 523 519 experientiam
535 453 666 499 aetatis
677 452 763 499 suae
776 488 789 506 ‚
803 469 908 499 cum
923 471 976 499 eo
988 455 1065 516 qui
1076 454 1199 516 peni-

208 521 295 568 tius
309 519 450 567 &suae
472 519 605 565 aetatis
619 535 716 581 quae
737 518 872 573 vidit,
909 522 956 566 &
977 519 1125 566 alienae
1146 519 1200 566 ab

207 585 391 648 antiquo
400 592 501 648 ‘quae
514 585 668 647 legerit
679 585 918 646 producet,
944 602 1092 631 nonne
1114 602 1192 648 po·

207 651 369 698 tiorem
385 650 506 696 hunc
519 650 631 695 dices
646 653 675 695 ?'
688 660 912 711 quotquot
935 650 1049 696 orbis
1063 651 1192 696 mira-

205 726 278 764 tus
291 732 476 779 magnos
489 719 778 776 Imperatores
792 747 804 766 ,
819 712 946 760 fuere
955 716 1201 762 studiorum

208 781 466 830 &lectionis
476 791 716 832 amatores,
743 779 990 826 Alexander
1013 797 1200 845 magnus
1235 804 1239 808 ·

212 847 366 895 Afiam
398 845 642 910 subigendo
677 844 879 908 legitabat
912 849 1167 892 Homerum
1182 883 1198 902 ,

205 912 348 977 Julius
373 911 514 958 Caesar
537 910 736 956 bellando
761 911 948 957 aliorum
972 928 1039 958 res
1064 913 1199 976 gestas

168 1018 172 1025 .
207 978 342 1042 legit,
368 975 516 1023 &suas
527 975 703 1037 scripfit.
731 976 814 1021 Sed
839 977 946 1038 quid
971 993 1076 1023 cum
1088 977 1197 1023 anti·

209 1043 338 1106 quis?
365 1044 557 1105 Magnus
581 1042 742 1086 Noster
764 1041 1007 1103 Stephanus
1034 1043 1195 1089 Batho-

205 1125 305 1155 reus
319 1110 422 1153 Rex
434 1142 446 1160 ‚
461 1118 561 1152 tum
575 1123 665 1151 non
678 1107 825 1152 minus
838 1123 1008 1170 magnae
1022 1124 1197 1154 memo-

206 1174 284 1219 riae
296 1173 534 1219 vladissaus
558 1174 650 1218 IV.
689 1188 836 1218 nonne
859 1189 935 1234 per
946 1174 1090 1219 otium
1116 1173 1194 1219 Hi-

206 1238 472 1285 storicorum
495 1237 673 1283 lestioni
697 1238 1076 1285 immorabantur?
1102 1239 1198 1285 haec

207 1306 360 1368 Reges
374 1323 386 1357 3
398 1297 498 1367 Jam
509 1302 609 1348 belli
622 1305 769 1349 Duces
783 1337 794 1355 ,
803 1305 991 1366 Joannes
1005 1303 1191 1351 Zamos·

207 1368 310 1415 kius
332 1367 411 1414 sub
434 1367 655 1430 Stephano
678 1371 722 1414 ὃς
747 1368 1031 1431 Sigismundo
1057 1370 1194 1434 Regi-

206 1435 290 1481 bus
301 1450 532 1480 armorum
546 1433 822 1478 Polonorum
846 1436 954 1480 Dux
966 1436 1028 1481 uti
1041 1447 1139 1480 ante
1151 1435 1195 1481 se

207 1511 387 1546 caeteros
410 1499 608 1544 (1οᾶῑίηὲ
623 1532 633 1551 ,
659 1499 790 1545 etiam
814 1498 989 1546 scientia
1007 1500 1195 1546 bellandi

204 1567 254 1612 &
266 1563 504 1626 tn‘umphis
515 1563 844 1626 superavit,tum
855 1567 950 1626 post
963 1582 1066 1612 eum
1082 1565 1193 1612 Zul-

206 1629 406 1676 kieskius
419 1632 464 1676 &
487 1629 821 1676 Chotkievicius
845 1630 1062 1677 librorum
1074 1647 1190 1676 ama·

206 1705 323 1742 tores
345 1695 555 1757 belloque
590 1695 721 1752 clari,
751 1696 894 1741 dicam
927 1694 1059 1758 plane·
1090 1697 1194 1743 licet

207 1760 533 1808 mordaciorem
555 1760 780 1806 censuram
804 1761 1114 1823 imperitorum
1128 1761 1192 1808 fe-

204 1841 327 1878 ram,
366 1826 621 1888 quicunque
641 1826 743 1872 belli
765 1829 949 1875 Ducum
972 1828 1133 1873 artium
1148 1831 1193 1875 &

205 1891 405 1938 Historiae
417 1892 469 1936 fit
481 1892 598 1937 rudis
610 1929 627 1948 ‚
649 1902 722 1938 aut
742 1892 893 1939 saltem
905 1904 1193 1939 externorum

204 1956 368 2003 diversa
378 1955 489 2001 bella
501 1973 591 2002 non
614 1957 721 2002 vidit
733 1992 745 2010 ,
772 1961 816 2004 &
830 1958 861 2002 fi
875 1975 956 2019 per
964 1971 1113 2004 caetera
1124 1975 1190 2004 ar·

205 2037 391 2068 morum
414 2021 551 2067 clarus
575 2022 627 2068 fit
641 2057 653 2076 ,
689 2024 810 2084 posse
831 2023 1125 2086 utiqueillum
1140 2024 1194 2070 de

183 2087 190 2092 ’
205 2083 352 2150 aliquo
363 2087 513 2150 praelio
525 2103 602 2149 per
614 2087 839 2134 fortunam
852 2123 865 2142 ‚
892 2106 973 2135 nec
983 2102 1132 2136 tamen
1145 2090 1200 2136 de
1248 2145 1251 2147 ,
1282 2092 1284 2094 ’

161 2220 169 2224 ⁵
206 2152 383 2203 :summa
404 2152 616 2219 cujusque
627 2151 728 2201 belli
753 2157 797 2205 ὃς
821 2166 972 2207 contra
995 2155 1199 2269 quenivis

1147 2237 1194 2269 0.
