1320 2490
221 102 312 159 1723.
346 99 616 143 ANDREAE
652 90 810 135 Mne·
846 88 1102 136 Fnznno

213 181 362 243 potius
372 189 422 224 ut
433 173 649 236 aliquibus
663 169 688 219 ὲ
714 172 864 219 medio
876 170 942 218 sui
951 173 1208 235 potestatem

210 243 421 292 traetandi
443 240 723 304 permittant,
746 237 927 284 interim
940 255 1014 285 eos
1035 237 1208 302 delega-

211 321 280 357 tos
294 307 505 355 omnibus
516 304 662 352 modis
675 303 941 352 suadendi&
964 319 1208 350 munerum
1231 352 1234 353 ⁷

212 372 474 439 aggredieris
488 406 503 425 ,
527 370 689 435 partim
726 374 744 431 (
760 369 792 415 fi
806 367 901 415 tute
915 370 1109 433 poteris)
1134 369 1209 415 ad-

212 439 415 489 miscebis
439 438 580 485 minas
604 471 618 491 ,
652 453 735 499 pro
759 435 969 499 capitibus
991 434 1212 482 seditionis

215 505 454 552 censendos
470 538 483 557 ‚
497 504 529 550 fi
543 502 681 550 facflia
691 501 884 548 remedia
895 501 1105 563 rejiciant,
1111 502 1210 564 jam

213 570 410 636 fingulos
422 571 468 616 in
479 581 600 632 parte
611 603 625 623 ,
632 570 730 631 jam
742 584 898 614 omnes
913 567 1045 613 fimul
1057 583 1212 632 aggre-

215 637 378 684 diendo
392 670 405 690 ‚
434 648 482 681 ut
492 634 667 681 trahant
675 633 740 679 sui
762 632 1024 679 authoritate
1042 634 1096 678 ad
1117 649 1213 679 me-

215 701 379 749 liorem
403 712 606 747 mentem
629 698 824 745 insanam
847 698 1183 744 multitudinem
1197 732 1211 751 ,
1244 745 1251 748 ,

217 768 460 833 probentve
472 766 516 813 se
538 764 810 829 Reipublicae
823 799 839 818 ‚
862 774 939 811 aut
959 763 1038 810 alia
1059 764 1217 811 fimilia
1264 820 1266 822 V

214 833 524 898 proponendo.

287 900 333 945 Si
357 897 463 945 vero
489 897 621 944 armis
643 896 861 944 decertare
885 895 1108 942 necessum
1134 895 1213 950 fit,

213 965 463 1012 ‘cavendum
500 981 556 1011 ne
589 963 793 1026 Princeps
827 959 994 1008 temere
1008 979 1086 1024 per
1107 978 1213 1008 con-

217 1043 447 1093 temptum
480 1029 581 1076 belli
606 1029 751 1075 mittat
780 1029 826 1074 in
859 1028 1214 1090 experimentum
1268 1079 1272 1082 ⁴
1301 1035 1305 1093 ξ

219 1094 314 1144 suas
338 1096 448 1143 vires
473 1112 578 1142 curn
594 1095 801 1141 seditiosis
826 1128 840 1148 ,
885 1091 1045 1140 verum
1065 1094 1215 1157 aliquo

220 1163 406 1209 tradam
428 1162 543 1224 pacis
566 1177 664 1207 rem
697 1161 892 1207 distineat
915 1194 929 1213 ,
978 1171 1215 1223 antequam
1270 1209 1274 1212 ,
1301 1184 1305 1202 ,«

217 1227 332 1274 vires
345 1228 669 1274 contrahantur.
695 1225 821 1274 Cum
834 1223 939 1272 vero
961 1243 1054 1272 non
1066 1226 1214 1289 despea
1266 1252 1277 1291 3

219 1294 374 1339 raverit
386 1293 693 1347 debellandum
707 1293 783 1346 iri,
807 1304 907 1338 tum
931 1291 1078 1354 potius
1100 1307 1221 1338 arma

222 1357 361 1420 quam
389 1359 566 1404 confilia
586 1360 786 1421 expediat
809 1378 823 1412 3
869 1357 1073 1404 Maxima
1097 1357 1218 1403 enim
1266 1365 1300 1394 '-

223 1423 394 1470 Politiae
417 1423 526 1469 ratio
542 1425 624 1476 est,
650 1423 922 1485 nesuperior
934 1422 1216 1484 descendatin
1276 1420 1282 1429 ⁴

224 1501 448 1534 certamen
482 1505 588 1535 cum
624 1488 823 1534 inferiori
858 1485 992 1550 quam
1029 1504 1082 1532 ex
1106 1486 1217 1532 bene

223 1566 459 1616 praeparato
482 1588 495 1608 ‚
533 1552 640 1599 cum
673 1553 865 1599 naturale
887 1552 939 1598 fit
961 1552 1218 1598 inferiorem
1293 1552 1295 1557 ’

226 1620 336 1682 quid
359 1619 499 1681 majus
512 1619 709 1681 suspicari
733 1620 787 1665 de
808 1618 1027 1680 superiore
1040 1652 1056 1672 ‚
1079 1614 1217 1681 quam

227 1684 373 1732 forsan
383 1685 430 1730 in
445 1701 491 1731 re
502 1685 590 1748 ipsa
601 1685 654 1730 fit
667 1719 679 1737 ,
694 1685 791 1730 alias
803 1695 929 1746 capto
941 1683 1216 1746 experimen·
1271 1676 1282 1694 “

226 1762 275 1798 to
290 1751 354 1797 sui
390 1755 409 1812 ζ
422 1751 578 1797 fibene
588 1751 732 1813 prima
743 1750 1004 1806 succedant)
1044 1766 1099 1795 eo
1123 1764 1217 1794 ma-
1279 1747 1281 1797 J

227 1817 293 1880 gis
308 1816 487 1862 inferius
511 1817 664 1869 ducet,
690 1833 781 1879 quo
804 1813 942 1878 magis
964 1812 1062 1861 ante
1089 1814 1215 1876 supe-
1277 1825 1287 1835 “·

226 1883 392 1928 riorem
403 1883 640 1928 aestimavit.
655 1880 759 1927 Imo
773 1881 873 1927 licet
884 1880 914 1926 fi
926 1879 1009 1926 bell
1018 1896 1094 1927 um
1108 1880 1216 1926 inci·

226 1948 315 2010 pias
328 1947 443 1993 felici
455 1948 500 1993 in
511 1959 603 1994 tuas
623 1958 763 2010 partes
781 1947 971 1993 successu
984 1981 998 2000 ,
1019 1962 1222 2010 propone
1264 1924 1285 1969 ’

226 2024 378 2058 tamen
389 2012 541 2073 sponte
551 2014 675 2077 spem
687 2012 929 2059 clementiae
943 2047 956 2066 ,
981 2024 1219 2076 antequam
1275 2012 1290 2075 ,ξ

229 2077 406 2125 fortuna
417 2090 606 2125 vertatur
642 2083 660 2140 (
675 2096 774 2142 quae
794 2079 965 2140 semper
974 2078 1219 2125 inconstans
1269 2080 1292 2121 ’·ἱ·

229 2143 324 2202 est)
359 2159 467 2192 neve
488 2141 512 2191 ὲ
536 2144 830 2209 desperatione
851 2144 1009 2194 fortius
1029 2142 1220 2193 seditiosi
1264 2143 1290 2237 ἐ

1153 2225 1221 2261 22¹⁶.
