1320 2490
245 87 485 134 Scairrr.
524 87 739 133 FRAGM
758 102 928 133 ENTA.
1007 101 1093 147 ¹99

114 170 332 244 excipias)
368 170 626 235 garrulitatis
650 172 791 218 verius
815 172 872 217 est
886 169 1022 234 quam
1033 187 1107 228 1:4³-
1136 212 1139 213 ⁷

113 237 242 283 tionis
257 271 270 291 ,
292 253 451 284 verum
475 237 630 300 quod
619 254 771 290 mrem
783 237 1099 284 dicendumca-

112 302 201 355 dit,
226 304 368 351 nativa
378 303 483 350 scire
503 302 652 366 eloqui
675 301 870 365 &probe
884 302 1111 349 consulere
1127 328 1138 335 -ν

115 367 291 441 lingua,
316 370 390 416 uti
403 369 530 417 bonae
556 370 823 432 prudentiae,
840 369 971 415 etiam
993 366 1115 435 ree-{i->

114 435 217 480 civis
241 435 442 481 officium
465 436 580 488 esto,
600 447 673 481 aut
693 434 726 481 fi
752 435 920 481 exotica
930 434 983 480 ad
1006 448 1105 480 rem

114 500 378 546 conferunt?
393 501 521 547 habes
534 501 805 564 populorum
816 499 1011 552 annales,
1036 515 1104 545 ca-

113 581 167 627 pe
182 565 556 630 Geographorum
571 566 757 618 tabulas,
782 580 888 611 cum
903 564 1019 610 libris
1029 580 1105 611 ex-

114 642 313 676 terorum
337 647 451 678 conv
437 630 624 685 erseris,
647 648 738 678 non
762 647 867 677 cum
881 628 1073 693 personis
1088 664 1102 684 ,

2 711 8 718 ·
63 694 66 699 ’
117 712 211 742 non-
220 697 342 759 quod
352 697 442 744 illic
454 666 666 750 succedit,
692 696 765 742 sed
787 696 909 759 quod
932 711 1013 758 pro
1026 711 1101 742 na-

116 772 210 807 tura
222 763 286 808 tui
297 763 449 825 populi
459 763 592 809 valeat
605 767 620 809 ?
644 764 690 809 in
700 778 800 812 rem
805 779 822 824 J
812 759 1020 809 udicios&
1033 776 1104 809 ae-

121 829 501 875 commodaturus

184 895 226 940 8.
266 894 521 957 Pelegrinos
547 911 639 940 non
662 893 778 940 effe
766 911 813 940 rn
837 891 1100 971 Rempubh'·

115 974 213 1004 cam
223 959 538 1013 admittendos,
551 971 643 1006 tam
654 960 955 1013 inmilitiam,
968 974 1116 1022 quam

118 1038 168 1069 ut
178 1025 369 1071 Civitate
380 1027 614 1072 donentur.

217 1128 224 1135 .
262 1090 518 1137 Multorum
552 1090 835 1153 populorum*
861 1088 1100 1137 foederibus

116 1154 358 1218 implicari,
390 1173 481 1202 noi
492 1156 736 1203 effetutum
750 1154 1037 1218 Reipublicae.

189 1221 506 1268 10.Inf1rnam
531 1222 704 1287 plebem
726 1238 818 1268 non
839 1221 923 1267 effe
946 1231 1107 1267 tutum

116 1286 248 1332 armis
272 1274 473 1333 exerceri.

188 1369 205 1396 1
225 1369 259 1398 1.
300 1351 524 1398 Utiltufiae
563 1351 623 1398 fit
651 1349 960 1413 Reipublicae,
1007 1364 1107 1412 quae

116 1430 221 1461 cum
238 1416 377 1462 milite
388 1420 432 1463 δε
446 1433 603 1480 campo
625 1430 780 1479 potens
793 1417 880 1469 est,
905 1415 1114 1462 fortalitia

117 1498 210 1528 non
222 1483 414 1528 exstruit.

190 1564 205 1592 1
218 1565 258 1592 2.
296 1549 423 1611 Qid
435 1549 600 1610 praestat
613 1552 628 1594 ?
655 1565 710 1594 an
722 1548 935 1605 exercitus
944 1556 1117 1609 paratos

117 1612 276 1659 habere
287 1613 428 1659 media
439 1615 485 1659 in
496 1630 600 1674 pace
611 1614 657 1659 in
670 1613 814 1659 casum
829 1613 930 1658 belli
944 1646 957 1665 ,
970 1627 1025 1657 an
1035 1627 1107 1673 pa-

117 1691 274 1724 ratum
288 1678 487 1724 aerarium
511 1679 669 1724 habere
702 1695 783 1740 pro
818 1676 1108 1724 conducendo

117 1744 260 1790 milite
283 1779 295 1797 ,
331 1742 489 1790 verum
511 1744 619 1789 illud
642 1742 929 1805 probabilius,
954 1741 1109 1789 saltem

119 1826 199 1872 pro
210 1811 432 1855 retinenda
445 1809 621 1855 militari
632 1822 721 1855 arte
734 1844 745 1861 ‚
761 1805 897 1871 quam
911 1824 1002 1855 non
1012 1819 1107 1854 tam

118 1874 245 1921 facile
261 1877 509 1922 excitaveris
525 1910 536 1928 ,
565 1872 704 1937 quam*
723 1874 1011 1937 supprefferis.

192 1960 207 1987 1
223 1958 262 2002 3.
281 1941 500 1987 Utiliusne
522 1941 760 2002 imperatur
772 1940 1010 1986 Provinciis
1023 1974 1036 1992 ,
1059 1949 1111 1986 us:

121 2019 317 2069 paratum
342 2006 532 2053 militem
545 2006 825 2059 submittant,
850 2021 904 2052 an
928 2005 1105 2052 tributa.

195 2090 264 2147 14
302 2075 462 2136 Ingens
498 2076 542 2118 &
578 2072 715 2118 latum
750 2072 989 2134 imperium
1025 2070 1112 2116 effe

122 2135 247 2203 aeque
274 2138 619 2187 incommodum
641 2154 691 2184 ac
702 2138 834 2186 nimi-s
858 2137 1108 2252 ωοάἰῗὲιω

658 2207 684 2253 l
718 2220 742 2265 7
1037 2216 1117 2247 eo-
