1320 2490
221 97 465 142 Senum.
496 95 906 142 FRAGMENTA.
980 111 1066 159 351

68 195 171 238 tur,
205 184 365 247 quibus
392 183 504 230 nihil
525 183 632 231 boni
661 188 706 232 &
728 185 854 232 solidi
878 185 1069 249 ingenii,

73 263 230 314 praeter
240 266 466 297 amoenam
480 249 637 296 faciem
648 251 754 297 inest
766 286 780 304 ,
793 252 909 298 unde
924 252 1069 297 incur-

75 329 179 363 runt
190 316 454 380 plerumque
475 317 711 379 praecipites
726 351 738 369 ,
762 317 809 363 in
822 317 991 364 horaria
1001 317 1068 363 in·
1096 320 1100 322 ’

75 383 205 446 genia
227 386 272 429 ὃς
295 383 455 428 nullius
475 382 696 428 momenti
719 383 966 435 ministros,
991 383 1070 446 qui

81 448 293 511 Principis
304 448 479 512 negotia
488 447 712 496 involvant
722 447 870 512 potins
882 447 1067 496 difficul-

75 513 260 567 tatibus,
283 512 422 576 qu'dm
435 526 485 560 ut
496 514 739 576 expediant.
777 518 884 560 Haec
906 515 953 560 in
965 512 1068 560 affe·

75 580 218 627 stibus
232 614 246 634 ‚
267 577 498 628 sed-multo
513 580 652 643 magis
666 580 712 626 in
723 579 906 644 publicis
922 596 1066 644 nego-

73 645 144 692 tiis
167 645 452 692 dissimulatio
488 646 712 692 necessaria
733 680 746 700 ‚
791 662 839 691 ac
872 645 919 692 in
957 648 1066 695 Beda

71 711 326 776 praesertim.
394 714 610 759 Provocat
642 712 874 775 aliquando
909 711 1066 765 hostis,

72 777 242 840 illudit,
270 777 535 825 huc&illuc
559 777 826 824 invasionem
851 777 1067 826 molitur?

37 858 39 862 ⁴
73 843 171 891 haec
182 844 334 890 omnia
345 860 436 890 non
447 843 581 890 aliare
592 843 761 898 vincas,
788 841 923 907 qudm
947 843 1065 891 diffi-

73 909 345 964 mulatione,
382 926 475 957 non
498 910 648 957 leviter
672 910 716 956 in
740 910 877 958 aciem
904 924 1064 974 provo-

72 975 206 1023 lando
220 1010 233 1031 ‚
258 975 329 1022 sed
343 976 576 1023 confilium
591 979 634 1023 ὃς
648 992 767 1022 arma
778 1010 792 1031 ,
815 975 894 1022 nifi
907 975 983 1024 ubi
997 992 1063 1023 res

74 1043 122 1090 &
136 1042 246 1089 ratio
256 1040 428 1089 suadeat
440 1043 652 1090 vertendo
666 1077 678 1096 ,
705 1042 857 1089 omnia
868 1041 1064 1107 expensis

72 1107 310 1155 rationibus
335 1125 427 1155 non
450 1126 532 1171 pro
554 1107 710 1156 affedku
727 1108 798 1155 sed
809 1109 995 1172 graviter
1017 1124 1058 1155 a·

72 1173 242 1221 asturus.
263 1177 531 1221 Tacitumicas
543 1175 675 1221 etiam
686 1176 746 1222 est
755 1190 848 1239 pars
861 1174 1060 1221 diffimu-

72 1240 261 1293 lationis,
275 1238 370 1287 imo
382 1241 470 1304 ipsa
483 1243 641 1294 Mater,
660 1257 714 1286 ne
727 1238 853 1304 aeque
869 1239 982 1288 fafita
992 1251 1068 1288 aut

68 1305 265 1353 facienda
276 1306 366 1369 pari
378 1306 548 1354 levitate
557 1306 981 1361 buccinemus‚unde
988 1323 1063 1354 au-

69 1370 330 1419 thoritatem
342 1370 466 1419 faffls
479 1373 779 1419 diminuamus
795 1407 807 1425 ‚
833 1389 932 1438 quae
943 1371 1064 1437 prins
1101 1396 1106 1399 ·

71 1438 332 1502 evulgantur
347 1471 360 1492 ,
385 1435 524 1501 queim
549 1437 682 1492 fiant,
707 1451 846 1486 tacere
859 1440 937 1503 qui
959 1438 1062 1492 scit,

70 1503 151 1552 scit
173 1504 258 1551 effe
280 1503 496 1566 prudens,
526 1502 622 1550 imo
647 1505 870 1566 prudentis
906 1504 1063 1553 faciem

72 1569 243 1624 induit,
258 1569 334 1618 ersi
347 1569 647 1618 {it-mediocris
662 1570 928 1634 prudentiae3
953 1571 1065 1619 dum

71 1646 184 1684 tacet
198 1669 210 1691 ,
225 1652 316 1683 non
328 1636 475 1700 prodit
486 1636 584 1700 quis
597 1636 712 1683 intus
726 1636 778 1683 stt
791 1671 803 1689 ,
827 1637 985 1702 quibus
995 1637 1060 1685 af=

73 1701 261 1750 festibus
274 1701 438 1751 laborat
449 1737 461 1758 ‚
477 1716 551 1750 aut
560 1701 678 1750 secus
691 1702 803 1750 vitiis
816 1704 1034 1751 obnoxius
1047 1738 1061 1757 ,

72 1766 170 1817 imo
192 1770 302 1835 tegit
324 1768 514 1817 omnino
539 1785 638 1833 quae
661 1769 776 1825 iuvat
796 1781 846 1817 ut
856 1770 1061 1836 ignoren-

69 1845 171 1891 tur,
194 1835 227 1882 fi
240 1834 346 1884 vero
360 1835 611 1899 sitprudens
624 1869 637 1888 ‚
660 1833 890 1898 sspientior
911 1852 992 1900 pro
1003 1846 1064 1882 ta=

75 1900 562 1963 cinunitatejudicatur.
590 1903 678 1948 Vas
694 1901 772 1949 nifi
783 1917 971 1950 vacuum
995 1901 1064 1949 so-

74 1983 190 2016 num
215 1967 344 2016 habet
357 2002 368 2022 ,
405 1967 605 2033 gravibus
628 1968 800 2036 pondus
834 1970 967 2022 inest,
1004 1967 1064 2016 fic

77 2033 222 2081 homo
248 2035 416 2082 ratione
438 2049 597 2086 vacuus
615 2068 627 2090 ‚
660 2034 756 2097 plus
780 2035 827 2083 in
847 2050 1066 2099 pompam

79 2097 192 2164 saepe
205 2099 402 2166 loquitur
415 2134 426 2155 ‚
442 2097 580 2166 qudm
592 2102 669 2165 qui
679 2097 777 2148 alias
812 2102 1065 2165 ponderosae

66 2165 163 2216 ‚fint
182 2166 344 2216 mentis
369 2169 414 2218 ὃς
438 2166 547 2216 resti
566 2167 747 2234 judicii5
787 2168 937 2221 Adde,
965 2168 1068 2230 quia

916 2250 1066 2291 ramus,
