<?xml version="1.0" encoding="UTF-8"?>
<!DOCTYPE html PUBLIC "-//W3C//DTD XHTML 1.0 Transitional//EN"
    "http://www.w3.org/TR/xhtml1/DTD/xhtml1-transitional.dtd">
<html xmlns="http://www.w3.org/1999/xhtml" xml:lang="en" lang="en">
 <head>
  <title>
</title>
<meta http-equiv="Content-Type" content="text/html;charset=utf-8" />
  <meta name='ocr-system' content='tesseract 3.04.00' />
  <meta name='ocr-capabilities' content='ocr_page ocr_carea ocr_par ocr_line ocrx_word'/>
</head>
<body>
  <div class='ocr_page' id='page_1' title='image "./andreaemaximilia00fred_0105.png"; bbox 0 0 1320 2490; ppageno 0'>
   <div class='ocr_carea' id='block_1_1' title="bbox 0 131 45 1695">
    <p class='ocr_par' dir='ltr' id='par_1_1' title="bbox 0 131 45 1695">
     <span class='ocr_line' id='line_1_1' title="bbox 0 131 39 455; baseline 0.154 -197"><span class='ocrx_word' id='word_1_1' title='bbox 0 131 39 455; x_wconf 95' lang='lat' dir='ltr'>     </span> 
     </span>
     <span class='ocr_line' id='line_1_2' title="bbox 0 590 37 851; baseline 0 -66"><span class='ocrx_word' id='word_1_2' title='bbox 0 590 37 851; x_wconf 95' lang='lat' dir='ltr'>    </span> 
     </span>
     <span class='ocr_line' id='line_1_3' title="bbox 0 851 45 1055; baseline 0 -32"><span class='ocrx_word' id='word_1_3' title='bbox 0 851 45 1055; x_wconf 95' lang='lat' dir='ltr'>    </span> 
     </span>
     <span class='ocr_line' id='line_1_4' title="bbox 0 1055 40 1247; baseline 0.375 -10"><span class='ocrx_word' id='word_1_4' title='bbox 0 1055 40 1247; x_wconf 95' lang='lat' dir='ltr'>    </span> 
     </span>
     <span class='ocr_line' id='line_1_5' title="bbox 0 1247 39 1359; baseline 0 0"><span class='ocrx_word' id='word_1_5' title='bbox 0 1247 39 1359; x_wconf 95' lang='lat' dir='ltr'>   </span> 
     </span>
     <span class='ocr_line' id='line_1_6' title="bbox 0 1512 43 1695; baseline 0 0"><span class='ocrx_word' id='word_1_6' title='bbox 0 1512 43 1695; x_wconf 95' lang='lat' dir='ltr'>   </span> 
     </span>
    </p>
   </div>
   <div class='ocr_carea' id='block_1_2' title="bbox 195 82 1029 143">
    <p class='ocr_par' dir='ltr' id='par_1_2' title="bbox 195 82 1029 143">
     <span class='ocr_line' id='line_1_7' title="bbox 195 82 1029 143; baseline -0.001 -16"><span class='ocrx_word' id='word_1_7' title='bbox 195 84 431 127; x_wconf 54' lang='lat' dir='ltr'>Senum.</span> <span class='ocrx_word' id='word_1_8' title='bbox 470 82 874 128; x_wconf 76' lang='lat' dir='ltr'>FRAGMENTA.</span> <span class='ocrx_word' id='word_1_9' title='bbox 966 98 1029 143; x_wconf 84' lang='lat'>95</span> 
     </span>
    </p>
   </div>
   <div class='ocr_carea' id='block_1_3' title="bbox 0 163 1030 999">
    <p class='ocr_par' dir='ltr' id='par_1_3' title="bbox 0 163 1030 999">
     <span class='ocr_line' id='line_1_8' title="bbox 37 163 1028 228; baseline 0.002 -18"><span class='ocrx_word' id='word_1_10' title='bbox 37 163 95 210; x_wconf 87' lang='lat' dir='ltr'>ita</span> <span class='ocrx_word' id='word_1_11' title='bbox 104 164 157 222; x_wconf 84' lang='lat' dir='ltr'>ab</span> <span class='ocrx_word' id='word_1_12' title='bbox 169 163 348 210; x_wconf 89' lang='lat' dir='ltr'>ineunte</span> <span class='ocrx_word' id='word_1_13' title='bbox 358 177 482 211; x_wconf 87' lang='lat' dir='ltr'>aetate</span> <span class='ocrx_word' id='word_1_14' title='bbox 493 164 613 210; x_wconf 87' lang='lat' dir='ltr'>anim</span> <span class='ocrx_word' id='word_1_15' title='bbox 619 181 695 210; x_wconf 88' lang='lat' dir='ltr'>um</span> <span class='ocrx_word' id='word_1_16' title='bbox 706 165 936 228; x_wconf 77' lang='lat' dir='ltr'>agitaverat</span> <span class='ocrx_word' id='word_1_17' title='bbox 949 199 964 218; x_wconf 91' lang='lat'>‚</span> <span class='ocrx_word' id='word_1_18' title='bbox 977 177 1028 212; x_wconf 92' lang='lat' dir='ltr'>ut</span> 
     </span>
     <span class='ocr_line' id='line_1_9' title="bbox 0 230 1026 294; baseline 0.002 -19"><span class='ocrx_word' id='word_1_19' title='bbox 0 285 9 293; x_wconf 43' lang='grc'><strong><em>·</em></strong></span> <span class='ocrx_word' id='word_1_20' title='bbox 39 231 159 276; x_wconf 80' lang='lat' dir='ltr'>nulla</span> <span class='ocrx_word' id='word_1_21' title='bbox 182 230 508 293; x_wconf 71' lang='lat' dir='ltr'>Philopaenioni</span> <span class='ocrx_word' id='word_1_22' title='bbox 532 246 642 276; x_wconf 74' lang='lat' dir='ltr'>nova</span> <span class='ocrx_word' id='word_1_23' title='bbox 665 233 711 276; x_wconf 88' lang='lat' dir='ltr'>in</span> <span class='ocrx_word' id='word_1_24' title='bbox 724 231 795 277; x_wconf 73' lang='lat' dir='ltr'>tali</span> <span class='ocrx_word' id='word_1_25' title='bbox 805 247 852 276; x_wconf 88' lang='lat' dir='ltr'>re</span> <span class='ocrx_word' id='word_1_26' title='bbox 865 231 1026 294; x_wconf 85' lang='lat' dir='ltr'>cogita-</span> 
     </span>
     <span class='ocr_line' id='line_1_10' title="bbox 0 294 1028 360; baseline -0.001 -18"><span class='ocrx_word' id='word_1_27' title='bbox 0 349 10 360; x_wconf 35' lang='lat'><em>*</em></span> <span class='ocrx_word' id='word_1_28' title='bbox 36 295 102 342; x_wconf 87' lang='lat' dir='ltr'>tio</span> <span class='ocrx_word' id='word_1_29' title='bbox 115 296 230 340; x_wconf 78' lang='lat' dir='ltr'>ess&#39;et.</span> <span class='ocrx_word' id='word_1_30' title='bbox 269 294 444 342; x_wconf 73' lang='lat' dir='ltr'>Verum</span> <span class='ocrx_word' id='word_1_31' title='bbox 469 296 701 358; x_wconf 87' lang='lat' dir='ltr'>quomodo</span> <span class='ocrx_word' id='word_1_32' title='bbox 725 312 810 359; x_wconf 85' lang='lat' dir='ltr'>ego</span> <span class='ocrx_word' id='word_1_33' title='bbox 833 309 907 342; x_wconf 87' lang='lat' dir='ltr'>aut</span> <span class='ocrx_word' id='word_1_34' title='bbox 919 296 1028 342; x_wconf 87' lang='lat' dir='ltr'>meis</span> 
     </span>
     <span class='ocr_line' id='line_1_11' title="bbox 0 361 1026 424; baseline 0.001 -17"><span class='ocrx_word' id='word_1_35' title='bbox 0 363 1 370; x_wconf 73' lang='grc'>’</span> <span class='ocrx_word' id='word_1_36' title='bbox 37 374 112 407; x_wconf 87' lang='lat' dir='ltr'>aut</span> <span class='ocrx_word' id='word_1_37' title='bbox 144 361 333 406; x_wconf 81' lang='lat' dir='ltr'>ah&#39;orum</span> <span class='ocrx_word' id='word_1_38' title='bbox 368 361 506 407; x_wconf 84' lang='lat' dir='ltr'>verbis</span> <span class='ocrx_word' id='word_1_39' title='bbox 540 361 707 424; x_wconf 82' lang='lat' dir='ltr'>singula</span> <span class='ocrx_word' id='word_1_40' title='bbox 729 364 821 423; x_wconf 87' lang='lat' dir='ltr'>ejus</span> <span class='ocrx_word' id='word_1_41' title='bbox 841 362 902 407; x_wconf 87' lang='lat' dir='ltr'>rei</span> <span class='ocrx_word' id='word_1_42' title='bbox 926 379 1026 408; x_wconf 92' lang='lat' dir='ltr'>mo-</span> 
     </span>
     <span class='ocr_line' id='line_1_12' title="bbox 0 427 1030 490; baseline 0.002 -19"><span class='ocrx_word' id='word_1_43' title='bbox 0 473 3 481; x_wconf 57' lang='lat'><em>,</em></span> <span class='ocrx_word' id='word_1_44' title='bbox 90 439 187 472; x_wconf 83' lang='lat' dir='ltr'>enta</span> <span class='ocrx_word' id='word_1_45' title='bbox 199 431 426 472; x_wconf 83' lang='lat' dir='ltr'>enarrem?</span> <span class='ocrx_word' id='word_1_46' title='bbox 450 429 577 473; x_wconf 89' lang='lat' dir='ltr'>Dum</span> <span class='ocrx_word' id='word_1_47' title='bbox 601 427 736 489; x_wconf 82' lang='lat' dir='ltr'>igitur</span> <span class='ocrx_word' id='word_1_48' title='bbox 755 427 850 473; x_wconf 86' lang='lat' dir='ltr'>haec</span> <span class='ocrx_word' id='word_1_49' title='bbox 861 443 942 490; x_wconf 84' lang='lat' dir='ltr'>pro</span> <span class='ocrx_word' id='word_1_50' title='bbox 955 440 1030 473; x_wconf 83' lang='lat' dir='ltr'>tua</span> 
     </span>
     <span class='ocr_line' id='line_1_13' title="bbox 0 486 1027 554; baseline -0.001 -16"><span class='ocrx_word' id='word_1_51' title='bbox 0 486 11 530; x_wconf 63' lang='lat' dir='ltr'>f&#39;</span> <span class='ocrx_word' id='word_1_52' title='bbox 37 506 155 554; x_wconf 88' lang='lat' dir='ltr'>parte</span> <span class='ocrx_word' id='word_1_53' title='bbox 202 492 365 538; x_wconf 84' lang='lat' dir='ltr'>cautius</span> <span class='ocrx_word' id='word_1_54' title='bbox 398 491 634 553; x_wconf 71' lang='lat' dir='ltr'>pensaveris</span> <span class='ocrx_word' id='word_1_55' title='bbox 660 526 673 545; x_wconf 94' lang='lat'>,</span> <span class='ocrx_word' id='word_1_56' title='bbox 709 493 755 538; x_wconf 88' lang='lat' dir='ltr'>in</span> <span class='ocrx_word' id='word_1_57' title='bbox 804 491 1027 538; x_wconf 84' lang='lat' dir='ltr'>defensam</span> 
     </span>
     <span class='ocr_line' id='line_1_14' title="bbox 38 556 1028 618; baseline -0.002 -14"><span class='ocrx_word' id='word_1_58' title='bbox 38 558 187 604; x_wconf 83' lang='lat' dir='ltr'>omnia</span> <span class='ocrx_word' id='word_1_59' title='bbox 221 557 490 618; x_wconf 85' lang='lat' dir='ltr'>providendo</span> <span class='ocrx_word' id='word_1_60' title='bbox 526 574 581 603; x_wconf 89' lang='lat' dir='ltr'>ne</span> <span class='ocrx_word' id='word_1_61' title='bbox 614 556 792 603; x_wconf 85' lang='lat' dir='ltr'>vincaris</span> <span class='ocrx_word' id='word_1_62' title='bbox 807 591 820 610; x_wconf 89' lang='lat'>‚</span> <span class='ocrx_word' id='word_1_63' title='bbox 850 558 947 618; x_wconf 83' lang='lat' dir='ltr'>jam</span> <span class='ocrx_word' id='word_1_64' title='bbox 971 573 1028 603; x_wconf 84' lang='lat' dir='ltr'>ex</span> 
     </span>
     <span class='ocr_line' id='line_1_15' title="bbox 0 622 1026 686; baseline 0 -19"><span class='ocrx_word' id='word_1_65' title='bbox 0 655 2 662; x_wconf 85' lang='lat'>.</span> <span class='ocrx_word' id='word_1_66' title='bbox 37 623 151 668; x_wconf 87' lang='lat' dir='ltr'>facili</span> <span class='ocrx_word' id='word_1_67' title='bbox 173 639 242 668; x_wconf 85' lang='lat' dir='ltr'>res</span> <span class='ocrx_word' id='word_1_68' title='bbox 259 623 346 686; x_wconf 87' lang='lat' dir='ltr'>ipsa</span> <span class='ocrx_word' id='word_1_69' title='bbox 358 623 581 685; x_wconf 83' lang='lat' dir='ltr'>expediet,</span> <span class='ocrx_word' id='word_1_70' title='bbox 609 633 658 670; x_wconf 86' lang='lat' dir='ltr'>ut</span> <span class='ocrx_word' id='word_1_71' title='bbox 672 622 844 669; x_wconf 88' lang='lat' dir='ltr'>hostem</span> <span class='ocrx_word' id='word_1_72' title='bbox 858 623 999 668; x_wconf 83' lang='lat' dir='ltr'>vincas</span> <span class='ocrx_word' id='word_1_73' title='bbox 1012 655 1026 675; x_wconf 93' lang='lat'><strong><em>,</em></strong></span> 
     </span>
     <span class='ocr_line' id='line_1_16' title="bbox 72 685 1027 742; baseline 0 -9"><span class='ocrx_word' id='word_1_74' title='bbox 72 688 193 733; x_wconf 83' lang='lat' dir='ltr'>milia</span> <span class='ocrx_word' id='word_1_75' title='bbox 206 688 250 734; x_wconf 89' lang='lat' dir='ltr'>in</span> <span class='ocrx_word' id='word_1_76' title='bbox 264 704 371 734; x_wconf 84' lang='lat' dir='ltr'>eum</span> <span class='ocrx_word' id='word_1_77' title='bbox 384 688 676 735; x_wconf 85' lang='lat' dir='ltr'>machinando</span> <span class='ocrx_word' id='word_1_78' title='bbox 690 722 703 742; x_wconf 92' lang='lat'><strong><em>,</em></strong></span> <span class='ocrx_word' id='word_1_79' title='bbox 742 686 881 734; x_wconf 75' lang='lat' dir='ltr'>modo</span> <span class='ocrx_word' id='word_1_80' title='bbox 903 685 1027 733; x_wconf 67' lang='lat' dir='ltr'>caute</span> 
     </span>
     <span class='ocr_line' id='line_1_17' title="bbox 37 751 1028 818; baseline -0.003 -17"><span class='ocrx_word' id='word_1_81' title='bbox 37 757 80 801; x_wconf 72' lang='grc' dir='ltr'>δί</span> <span class='ocrx_word' id='word_1_82' title='bbox 94 751 293 799; x_wconf 77' lang='lat' dir='ltr'>animose</span> <span class='ocrx_word' id='word_1_83' title='bbox 307 767 403 800; x_wconf 86' lang='lat' dir='ltr'>rem</span> <span class='ocrx_word' id='word_1_84' title='bbox 426 753 703 818; x_wconf 65' lang='lat' dir='ltr'>aggrediaris.</span> <span class='ocrx_word' id='word_1_85' title='bbox 728 754 825 818; x_wconf 86' lang='lat' dir='ltr'>Qi</span> <span class='ocrx_word' id='word_1_86' title='bbox 835 751 939 799; x_wconf 74' lang='lat' dir='ltr'>vero</span> <span class='ocrx_word' id='word_1_87' title='bbox 954 768 1028 799; x_wconf 88' lang='lat' dir='ltr'>ve-</span> 
     </span>
     <span class='ocr_line' id='line_1_18' title="bbox 0 818 648 884; baseline 0 -19"><span class='ocrx_word' id='word_1_88' title='bbox 0 869 5 881; x_wconf 58' lang='grc'>,</span> <span class='ocrx_word' id='word_1_89' title='bbox 36 819 118 865; x_wconf 77' lang='lat' dir='ltr'>reri</span> <span class='ocrx_word' id='word_1_90' title='bbox 132 818 211 865; x_wconf 87' lang='lat' dir='ltr'>scit</span> <span class='ocrx_word' id='word_1_91' title='bbox 225 852 237 871; x_wconf 91' lang='lat'>,</span> <span class='ocrx_word' id='word_1_92' title='bbox 260 818 338 865; x_wconf 92' lang='lat' dir='ltr'>scit</span> <span class='ocrx_word' id='word_1_93' title='bbox 349 818 443 866; x_wconf 76' lang='lat' dir='ltr'>tute</span> <span class='ocrx_word' id='word_1_94' title='bbox 456 820 648 884; x_wconf 48' lang='lat' dir='ltr'>aggi-edis.</span> 
     </span>
     <span class='ocr_line' id='line_1_19' title="bbox 0 880 1026 950; baseline 0.001 -19"><span class='ocrx_word' id='word_1_95' title='bbox 0 880 16 898; x_wconf 81' lang='lat'>&#39;&#39;</span> <span class='ocrx_word' id='word_1_96' title='bbox 100 885 309 948; x_wconf 86' lang='lat' dir='ltr'>Sequitur</span> <span class='ocrx_word' id='word_1_97' title='bbox 331 885 518 931; x_wconf 85' lang='lat' dir='ltr'>alterum</span> <span class='ocrx_word' id='word_1_98' title='bbox 547 897 598 931; x_wconf 89' lang='lat' dir='ltr'>ut</span> <span class='ocrx_word' id='word_1_99' title='bbox 618 885 849 950; x_wconf 88' lang='lat' dir='ltr'>suggeram</span> <span class='ocrx_word' id='word_1_100' title='bbox 863 919 878 940; x_wconf 93' lang='lat'><strong><em>,</em></strong></span> <span class='ocrx_word' id='word_1_101' title='bbox 913 901 1026 948; x_wconf 90' lang='lat' dir='ltr'>quo-</span> 
     </span>
     <span class='ocr_line' id='line_1_20' title="bbox 37 950 1029 999; baseline 0.001 -2"><span class='ocrx_word' id='word_1_102' title='bbox 37 951 177 999; x_wconf 89' lang='lat' dir='ltr'>modo</span> <span class='ocrx_word' id='word_1_103' title='bbox 211 950 381 997; x_wconf 90' lang='lat' dir='ltr'>noviter</span> <span class='ocrx_word' id='word_1_104' title='bbox 426 950 542 997; x_wconf 62' lang='lat' dir='ltr'>leoto</span> <span class='ocrx_word' id='word_1_105' title='bbox 576 951 719 997; x_wconf 86' lang='lat' dir='ltr'>milite</span> <span class='ocrx_word' id='word_1_106' title='bbox 743 951 1029 998; x_wconf 83' lang='lat' dir='ltr'>bellandum?</span> 
     </span>
    </p>
   </div>
   <div class='ocr_carea' id='block_1_4' title="bbox 0 1082 1034 2257">
    <p class='ocr_par' dir='ltr' id='par_1_4' title="bbox 0 1082 1034 2257">
     <span class='ocr_line' id='line_1_21' title="bbox 38 1082 1026 1137; baseline 0.001 -9"><span class='ocrx_word' id='word_1_107' title='bbox 38 1082 134 1128; x_wconf 81' lang='lat' dir='ltr'>lum</span> <span class='ocrx_word' id='word_1_108' title='bbox 157 1082 348 1129; x_wconf 88' lang='lat' dir='ltr'>militem</span> <span class='ocrx_word' id='word_1_109' title='bbox 384 1083 526 1129; x_wconf 84' lang='lat' dir='ltr'>statim</span> <span class='ocrx_word' id='word_1_110' title='bbox 559 1083 757 1129; x_wconf 82' lang='lat' dir='ltr'>eduxerit</span> <span class='ocrx_word' id='word_1_111' title='bbox 790 1084 837 1129; x_wconf 90' lang='lat' dir='ltr'>in</span> <span class='ocrx_word' id='word_1_112' title='bbox 860 1083 999 1129; x_wconf 89' lang='lat' dir='ltr'>aciem</span> <span class='ocrx_word' id='word_1_113' title='bbox 1012 1117 1026 1137; x_wconf 92' lang='lat'>,</span> 
     </span>
     <span class='ocr_line' id='line_1_22' title="bbox 38 1148 1025 1211; baseline 0.002 -18"><span class='ocrx_word' id='word_1_114' title='bbox 38 1148 113 1211; x_wconf 85' lang='lat' dir='ltr'>qui</span> <span class='ocrx_word' id='word_1_115' title='bbox 126 1164 207 1194; x_wconf 87' lang='lat' dir='ltr'>nec</span> <span class='ocrx_word' id='word_1_116' title='bbox 219 1149 327 1194; x_wconf 84' lang='lat' dir='ltr'>vidit</span> <span class='ocrx_word' id='word_1_117' title='bbox 340 1148 527 1203; x_wconf 73' lang='lat' dir='ltr'>hostem,</span> <span class='ocrx_word' id='word_1_118' title='bbox 542 1165 686 1211; x_wconf 85' lang='lat' dir='ltr'>neque</span> <span class='ocrx_word' id='word_1_119' title='bbox 700 1161 900 1210; x_wconf 86' lang='lat' dir='ltr'>expertus</span> <span class='ocrx_word' id='word_1_120' title='bbox 913 1149 1025 1211; x_wconf 88' lang='lat' dir='ltr'>peri-</span> 
     </span>
     <span class='ocr_line' id='line_1_23' title="bbox 40 1213 1027 1267; baseline 0 -7"><span class='ocrx_word' id='word_1_121' title='bbox 40 1214 327 1267; x_wconf 53' lang='lat' dir='ltr'>culum5utve</span> <span class='ocrx_word' id='word_1_122' title='bbox 338 1213 575 1261; x_wconf 86' lang='lat' dir='ltr'>succedunt</span> <span class='ocrx_word' id='word_1_123' title='bbox 584 1213 804 1260; x_wconf 86' lang='lat' dir='ltr'>bellorum</span> <span class='ocrx_word' id='word_1_124' title='bbox 818 1230 1027 1260; x_wconf 88' lang='lat' dir='ltr'>momen-</span> 
     </span>
     <span class='ocr_line' id='line_1_24' title="bbox 39 1279 1028 1343; baseline -0.001 -16"><span class='ocrx_word' id='word_1_125' title='bbox 39 1294 77 1327; x_wconf 69' lang='lat' dir='ltr'>ta</span> <span class='ocrx_word' id='word_1_126' title='bbox 88 1282 130 1327; x_wconf 85' lang='lat'>&amp;</span> <span class='ocrx_word' id='word_1_127' title='bbox 147 1279 264 1326; x_wconf 86' lang='lat' dir='ltr'>casus</span> <span class='ocrx_word' id='word_1_128' title='bbox 280 1279 454 1343; x_wconf 85' lang='lat' dir='ltr'>ignorat</span> <span class='ocrx_word' id='word_1_129' title='bbox 467 1314 479 1333; x_wconf 91' lang='lat'>‚</span> <span class='ocrx_word' id='word_1_130' title='bbox 504 1296 553 1325; x_wconf 90' lang='lat' dir='ltr'>ac</span> <span class='ocrx_word' id='word_1_131' title='bbox 564 1279 748 1341; x_wconf 88' lang='lat' dir='ltr'>proinde</span> <span class='ocrx_word' id='word_1_132' title='bbox 758 1295 812 1325; x_wconf 89' lang='lat' dir='ltr'>ex</span> <span class='ocrx_word' id='word_1_133' title='bbox 825 1279 1028 1343; x_wconf 87' lang='lat' dir='ltr'>incogni-</span> 
     </span>
     <span class='ocr_line' id='line_1_25' title="bbox 39 1342 1026 1408; baseline -0.001 -16"><span class='ocrx_word' id='word_1_134' title='bbox 39 1358 83 1393; x_wconf 76' lang='lat' dir='ltr'>to</span> <span class='ocrx_word' id='word_1_135' title='bbox 95 1345 193 1408; x_wconf 88' lang='lat' dir='ltr'>plus</span> <span class='ocrx_word' id='word_1_136' title='bbox 204 1345 386 1407; x_wconf 86' lang='lat' dir='ltr'>periculi</span> <span class='ocrx_word' id='word_1_137' title='bbox 421 1349 439 1406; x_wconf 82' lang='lat'><em>&lt;</em></span> <span class='ocrx_word' id='word_1_138' title='bbox 454 1342 589 1408; x_wconf 72' lang='lat' dir='ltr'>quam</span> <span class='ocrx_word' id='word_1_139' title='bbox 611 1344 696 1401; x_wconf 85' lang='lat' dir='ltr'>fit)</span> <span class='ocrx_word' id='word_1_140' title='bbox 731 1344 1026 1408; x_wconf 84' lang='lat' dir='ltr'>imaginatur,</span> 
     </span>
     <span class='ocr_line' id='line_1_26' title="bbox 0 1397 1028 1474; baseline 0.002 -20"><span class='ocrx_word' id='word_1_141' title='bbox 0 1397 19 1454; x_wconf 73' lang='lat'>¹¹?</span> <span class='ocrx_word' id='word_1_142' title='bbox 40 1411 230 1458; x_wconf 66' lang='lat' dir='ltr'>dubitans</span> <span class='ocrx_word' id='word_1_143' title='bbox 254 1411 310 1456; x_wconf 90' lang='lat' dir='ltr'>de</span> <span class='ocrx_word' id='word_1_144' title='bbox 329 1410 490 1459; x_wconf 83' lang='lat' dir='ltr'>viribus</span> <span class='ocrx_word' id='word_1_145' title='bbox 512 1445 526 1465; x_wconf 87' lang='lat'>,</span> <span class='ocrx_word' id='word_1_146' title='bbox 551 1426 710 1474; x_wconf 87' lang='lat' dir='ltr'>pavens</span> <span class='ocrx_word' id='word_1_147' title='bbox 732 1411 787 1456; x_wconf 91' lang='lat' dir='ltr'>de</span> <span class='ocrx_word' id='word_1_148' title='bbox 809 1409 998 1457; x_wconf 78' lang='lat' dir='ltr'>successu</span> <span class='ocrx_word' id='word_1_149' title='bbox 1013 1444 1028 1464; x_wconf 93' lang='lat'>‚</span> 
     </span>
     <span class='ocr_line' id='line_1_27' title="bbox 0 1465 1027 1540; baseline 0.001 -18"><span class='ocrx_word' id='word_1_150' title='bbox 0 1465 15 1527; x_wconf 45' lang='grc' dir='ltr'><strong>ἦ</strong></span> <span class='ocrx_word' id='word_1_151' title='bbox 41 1477 114 1522; x_wconf 75' lang='lat' dir='ltr'>nisi</span> <span class='ocrx_word' id='word_1_152' title='bbox 140 1487 342 1538; x_wconf 85' lang='lat' dir='ltr'>apertum</span> <span class='ocrx_word' id='word_1_153' title='bbox 366 1477 555 1527; x_wconf 84' lang='lat' dir='ltr'>omnino</span> <span class='ocrx_word' id='word_1_154' title='bbox 576 1476 825 1539; x_wconf 87' lang='lat' dir='ltr'>periculum</span> <span class='ocrx_word' id='word_1_155' title='bbox 846 1489 1027 1540; x_wconf 75' lang='lat' dir='ltr'>quaerat.</span> 
     </span>
     <span class='ocr_line' id='line_1_28' title="bbox 0 1540 1031 1605; baseline -0.002 -16"><span class='ocrx_word' id='word_1_156' title='bbox 0 1545 7 1558; x_wconf 78' lang='lat'><strong>⁴</strong></span> <span class='ocrx_word' id='word_1_157' title='bbox 42 1540 141 1589; x_wconf 76' lang='lat' dir='ltr'>[deo</span> <span class='ocrx_word' id='word_1_158' title='bbox 165 1541 280 1588; x_wconf 88' lang='lat' dir='ltr'>ultra</span> <span class='ocrx_word' id='word_1_159' title='bbox 298 1543 420 1605; x_wconf 89' lang='lat' dir='ltr'>quod</span> <span class='ocrx_word' id='word_1_160' title='bbox 443 1542 633 1589; x_wconf 83' lang='lat' dir='ltr'>exerceri</span> <span class='ocrx_word' id='word_1_161' title='bbox 654 1542 756 1588; x_wconf 79' lang='lat' dir='ltr'>tales</span> <span class='ocrx_word' id='word_1_162' title='bbox 782 1558 891 1604; x_wconf 87' lang='lat' dir='ltr'>opus</span> <span class='ocrx_word' id='word_1_163' title='bbox 906 1541 958 1587; x_wconf 87' lang='lat' dir='ltr'>fit</span> <span class='ocrx_word' id='word_1_164' title='bbox 981 1543 1031 1587; x_wconf 88' lang='lat' dir='ltr'>in</span> 
     </span>
     <span class='ocr_line' id='line_1_29' title="bbox 2 1648 1031 1727; baseline -0.001 -9"><span class='ocrx_word' id='word_1_165' title='bbox 2 1648 24 1725; x_wconf 50' lang='grc' dir='ltr'>,ἃ</span> <span class='ocrx_word' id='word_1_166' title='bbox 45 1672 135 1718; x_wconf 74' lang='lat' dir='ltr'>:ulu</span> <span class='ocrx_word' id='word_1_167' title='bbox 142 1688 190 1717; x_wconf 82' lang='lat' dir='ltr'>m</span> <span class='ocrx_word' id='word_1_168' title='bbox 203 1671 661 1727; x_wconf 13' lang='lat' dir='ltr'>faciendumssfflvffmtis,</span> <span class='ocrx_word' id='word_1_169' title='bbox 690 1672 848 1718; x_wconf 65' lang='lat' dir='ltr'>falsum</span> <span class='ocrx_word' id='word_1_170' title='bbox 861 1670 1031 1718; x_wconf 75' lang='lat' dir='ltr'>tumul-</span> 
     </span>
     <span class='ocr_line' id='line_1_30' title="bbox 0 1730 1032 1800; baseline 0 -16"><span class='ocrx_word' id='word_1_171' title='bbox 0 1730 23 1784; x_wconf 76' lang='lat'>²..’</span> <span class='ocrx_word' id='word_1_172' title='bbox 44 1754 135 1783; x_wconf 87' lang='lat' dir='ltr'>:um</span> <span class='ocrx_word' id='word_1_173' title='bbox 170 1737 403 1799; x_wconf 84' lang='lat' dir='ltr'>aliquando</span> <span class='ocrx_word' id='word_1_174' title='bbox 438 1738 686 1800; x_wconf 88' lang='lat' dir='ltr'>inspeciem</span> <span class='ocrx_word' id='word_1_175' title='bbox 711 1737 883 1783; x_wconf 86' lang='lat' dir='ltr'>venturi</span> <span class='ocrx_word' id='word_1_176' title='bbox 897 1736 1032 1784; x_wconf 87' lang='lat' dir='ltr'>hostis</span> 
     </span>
     <span class='ocr_line' id='line_1_31' title="bbox 0 1793 1028 1864; baseline -0.001 -15"><span class='ocrx_word' id='word_1_177' title='bbox 0 1793 24 1823; x_wconf 53' lang='grc' dir='ltr'>[Β</span> <span class='ocrx_word' id='word_1_178' title='bbox 44 1803 92 1849; x_wconf 76' lang='lat' dir='ltr'>:le</span> <span class='ocrx_word' id='word_1_179' title='bbox 104 1803 310 1848; x_wconf 86' lang='lat' dir='ltr'>industria</span> <span class='ocrx_word' id='word_1_180' title='bbox 322 1803 568 1857; x_wconf 83' lang='lat' dir='ltr'>excitando,</span> <span class='ocrx_word' id='word_1_181' title='bbox 583 1814 634 1849; x_wconf 89' lang='lat' dir='ltr'>ut</span> <span class='ocrx_word' id='word_1_182' title='bbox 648 1814 819 1850; x_wconf 81' lang='lat' dir='ltr'>certum</span> <span class='ocrx_word' id='word_1_183' title='bbox 831 1802 886 1848; x_wconf 86' lang='lat' dir='ltr'>fit</span> <span class='ocrx_word' id='word_1_184' title='bbox 898 1817 1028 1864; x_wconf 70' lang='lat' dir='ltr'>expe0</span> 
     </span>
     <span class='ocr_line' id='line_1_32' title="bbox 0 1857 1031 1931; baseline -0.002 -17"><span class='ocrx_word' id='word_1_185' title='bbox 0 1857 25 1889; x_wconf 69' lang='lat' dir='ltr'><strong>m</strong></span> <span class='ocrx_word' id='word_1_186' title='bbox 45 1868 282 1914; x_wconf 66' lang='lat' dir='ltr'>timentum</span> <span class='ocrx_word' id='word_1_187' title='bbox 306 1869 492 1915; x_wconf 82' lang='lat' dir='ltr'>audaciae</span> <span class='ocrx_word' id='word_1_188' title='bbox 519 1868 588 1914; x_wconf 88' lang='lat' dir='ltr'>vel</span> <span class='ocrx_word' id='word_1_189' title='bbox 613 1869 795 1931; x_wconf 88' lang='lat' dir='ltr'>pavoris.</span> <span class='ocrx_word' id='word_1_190' title='bbox 854 1867 1031 1914; x_wconf 85' lang='lat' dir='ltr'>Confir-</span> 
     </span>
     <span class='ocr_line' id='line_1_33' title="bbox 0 1924 1030 1998; baseline 0 -19"><span class='ocrx_word' id='word_1_191' title='bbox 0 1924 26 1972; x_wconf 72' lang='lat' dir='ltr'>&#39;P&#39;</span> <span class='ocrx_word' id='word_1_192' title='bbox 45 1935 188 1980; x_wconf 78' lang='lat' dir='ltr'>mandi</span> <span class='ocrx_word' id='word_1_193' title='bbox 215 1934 349 1998; x_wconf 82' lang='lat' dir='ltr'>igitur</span> <span class='ocrx_word' id='word_1_194' title='bbox 360 1946 559 1997; x_wconf 84' lang='lat' dir='ltr'>paventes</span> <span class='ocrx_word' id='word_1_195' title='bbox 573 1969 586 1988; x_wconf 92' lang='lat'>‚</span> <span class='ocrx_word' id='word_1_196' title='bbox 612 1933 1030 1980; x_wconf 88' lang='lat' dir='ltr'>reducendiinordi-</span> 
     </span>
     <span class='ocr_line' id='line_1_34' title="bbox 0 1999 1029 2062; baseline 0 -17"><span class='ocrx_word' id='word_1_197' title='bbox 0 2034 2 2038; x_wconf 81' lang='grc'><em>.</em></span> <span class='ocrx_word' id='word_1_198' title='bbox 46 2015 145 2045; x_wconf 68' lang='lat' dir='ltr'>nem</span> <span class='ocrx_word' id='word_1_199' title='bbox 160 2033 172 2052; x_wconf 91' lang='lat'>‚</span> <span class='ocrx_word' id='word_1_200' title='bbox 209 1999 254 2044; x_wconf 91' lang='lat' dir='ltr'>in</span> <span class='ocrx_word' id='word_1_201' title='bbox 290 2016 382 2062; x_wconf 89' lang='lat' dir='ltr'>quo</span> <span class='ocrx_word' id='word_1_202' title='bbox 416 2000 641 2046; x_wconf 88' lang='lat' dir='ltr'>turbatum</span> <span class='ocrx_word' id='word_1_203' title='bbox 654 1999 708 2045; x_wconf 86' lang='lat' dir='ltr'>fit</span> <span class='ocrx_word' id='word_1_204' title='bbox 718 2000 1000 2045; x_wconf 87' lang='lat' dir='ltr'>admonendo</span> <span class='ocrx_word' id='word_1_205' title='bbox 1011 2033 1029 2055; x_wconf 93' lang='lat'><em>,</em></span> 
     </span>
     <span class='ocr_line' id='line_1_35' title="bbox 46 2064 1032 2128; baseline 0.001 -18"><span class='ocrx_word' id='word_1_206' title='bbox 46 2081 138 2128; x_wconf 70' lang='lat' dir='ltr'>quae</span> <span class='ocrx_word' id='word_1_207' title='bbox 177 2070 194 2126; x_wconf 88' lang='lat'>(</span> <span class='ocrx_word' id='word_1_208' title='bbox 208 2066 405 2112; x_wconf 83' lang='lat' dir='ltr'>tumultu</span> <span class='ocrx_word' id='word_1_209' title='bbox 418 2064 639 2127; x_wconf 80' lang='lat' dir='ltr'>excitato)</span> <span class='ocrx_word' id='word_1_210' title='bbox 666 2064 943 2111; x_wconf 88' lang='lat' dir='ltr'>defendendo</span> <span class='ocrx_word' id='word_1_211' title='bbox 957 2081 1032 2111; x_wconf 90' lang='lat' dir='ltr'>oc-</span> 
     </span>
     <span class='ocr_line' id='line_1_36' title="bbox 0 2131 1034 2206; baseline -0.003 -28"><span class='ocrx_word' id='word_1_212' title='bbox 0 2193 1 2199; x_wconf 13' lang='lat'><em>*</em></span> <span class='ocrx_word' id='word_1_213' title='bbox 47 2131 264 2194; x_wconf 80' lang='lat' dir='ltr'>:upanda?</span> <span class='ocrx_word' id='word_1_214' title='bbox 302 2148 401 2196; x_wconf 85' lang='lat' dir='ltr'>quae</span> <span class='ocrx_word' id='word_1_215' title='bbox 426 2131 640 2195; x_wconf 86' lang='lat' dir='ltr'>sequenda</span> <span class='ocrx_word' id='word_1_216' title='bbox 654 2134 692 2206; x_wconf 58' lang='grc' dir='ltr'>Ρ·</span> <span class='ocrx_word' id='word_1_217' title='bbox 715 2132 812 2194; x_wconf 86' lang='lat' dir='ltr'>quis</span> <span class='ocrx_word' id='word_1_218' title='bbox 835 2131 944 2176; x_wconf 83' lang='lat' dir='ltr'>ordo</span> <span class='ocrx_word' id='word_1_219' title='bbox 956 2146 1034 2192; x_wconf 84' lang='lat' dir='ltr'>pei·</span> 
     </span>
     <span class='ocr_line' id='line_1_37' title="bbox 0 2195 1034 2257; baseline -0.003 -12"><span class='ocrx_word' id='word_1_220' title='bbox 0 2201 1 2205; x_wconf 71' lang='grc'>’</span> <span class='ocrx_word' id='word_1_221' title='bbox 559 2199 595 2244; x_wconf 88' lang='grc' dir='ltr'>Ε</span> <span class='ocrx_word' id='word_1_222' title='bbox 636 2212 657 2257; x_wconf 85' lang='lat'>3</span> <span class='ocrx_word' id='word_1_223' title='bbox 883 2195 1034 2242; x_wconf 78' lang='lat' dir='ltr'>omnia</span> 
     </span>
    </p>
   </div>
   <div class='ocr_carea' id='block_1_5' title="bbox 43 1606 1047 1672">
    <p class='ocr_par' dir='ltr' id='par_1_5' title="bbox 43 1606 1047 1672">
     <span class='ocr_line' id='line_1_38' title="bbox 43 1606 1047 1672; baseline -0.002 -18"><span class='ocrx_word' id='word_1_224' title='bbox 43 1606 165 1654; x_wconf 70' lang='lat' dir='ltr'>umis</span> <span class='ocrx_word' id='word_1_225' title='bbox 179 1609 224 1653; x_wconf 85' lang='lat'>&amp;</span> <span class='ocrx_word' id='word_1_226' title='bbox 236 1608 388 1653; x_wconf 86' lang='lat' dir='ltr'>ordine</span> <span class='ocrx_word' id='word_1_227' title='bbox 401 1608 654 1672; x_wconf 84' lang='lat' dir='ltr'>pugnandi,</span> <span class='ocrx_word' id='word_1_228' title='bbox 684 1607 756 1653; x_wconf 91' lang='lat' dir='ltr'>sed</span> <span class='ocrx_word' id='word_1_229' title='bbox 771 1608 902 1653; x_wconf 81' lang='lat' dir='ltr'>etiam</span> <span class='ocrx_word' id='word_1_230' title='bbox 917 1607 1030 1668; x_wconf 89' lang='lat' dir='ltr'>peri-</span> <span class='ocrx_word' id='word_1_231' title='bbox 1043 1658 1047 1665; x_wconf 49' lang='grc'><strong><em>,</em></strong></span> 
     </span>
    </p>
   </div>
   <div class='ocr_carea' id='block_1_6' title="bbox 1054 879 1204 1181">
    <p class='ocr_par' dir='ltr' id='par_1_6' title="bbox 1054 879 1204 1181">
     <span class='ocr_line' id='line_1_39' title="bbox 1055 879 1204 925; baseline 0 -4"><span class='ocrx_word' id='word_1_232' title='bbox 1055 879 1204 925; x_wconf 53' lang='lat' dir='ltr'>§uomo-</span> 
     </span>
     <span class='ocr_line' id='line_1_40' title="bbox 1055 937 1185 972; baseline 0 -1"><span class='ocrx_word' id='word_1_233' title='bbox 1055 937 1097 971; x_wconf 80' lang='lat' dir='ltr'>do</span> <span class='ocrx_word' id='word_1_234' title='bbox 1125 949 1185 972; x_wconf 80' lang='lat' dir='ltr'>no-</span> 
     </span>
     <span class='ocr_line' id='line_1_41' title="bbox 1055 987 1143 1023; baseline 0 0"><span class='ocrx_word' id='word_1_235' title='bbox 1055 987 1143 1023; x_wconf 80' lang='lat' dir='ltr'>vitio</span> 
     </span>
     <span class='ocr_line' id='line_1_42' title="bbox 1054 1038 1171 1076; baseline 0.009 -1"><span class='ocrx_word' id='word_1_236' title='bbox 1054 1038 1171 1076; x_wconf 80' lang='lat' dir='ltr'>milite</span> 
     </span>
     <span class='ocr_line' id='line_1_43' title="bbox 1055 1091 1183 1128; baseline -0.016 0"><span class='ocrx_word' id='word_1_237' title='bbox 1055 1091 1183 1128; x_wconf 84' lang='lat' dir='ltr'>bellan·</span> 
     </span>
     <span class='ocr_line' id='line_1_44' title="bbox 1055 1143 1154 1181; baseline 0.01 -1"><span class='ocrx_word' id='word_1_238' title='bbox 1055 1143 1154 1181; x_wconf 72' lang='lat' dir='ltr'>dumo</span> 
     </span>
    </p>
   </div>
  </div>
 </body>
</html>
