1320 2490
234 120 475 167 sempr.
513 120 907 168 FRAGMENTA.
982 131 1090 182 345·

73 202 175 252 belli
200 206 373 253 taediosa
396 209 480 261 est,
506 205 739 254 difficulter
761 205 867 254 vero
883 207 928 254 in
941 207 1072 255 illum

74 285 281 318 movetur
294 273 463 320 bellurn
478 307 490 326 ,
519 288 656 336 quem
673 275 812 320 hostes
826 273 968 322 sciunt
985 273 1070 320 effe

0 348 3 388 ἰ
71 338 205 384 armis
228 338 417 403 virisque
441 355 533 386 non
544 339 827 403 imparatum.
865 341 979 389 Non
999 340 1072 388 ha-

72 402 180 451 betur
193 419 301 468 pax,
315 407 393 469 nifi
404 405 601 459 cudatur,
623 422 701 467 per
723 407 858 453 studia
879 407 994 469 pacis
1007 440 1020 460 ‚
1044 402 1069 453 ἒι

74 470 362 518 meditatione
384 471 488 518 belh·
509 474 554 517 &
588 483 795 534 prompta
816 472 1069 519 defenfione

75 535 152 582 sui.
169 538 248 583 Ne‘
256 537 456 583 videlicet
466 536 545 583 sub
558 538 742 583 nornine
754 538 1071 602 pacis,publicae

76 601 258 665 ignaviae
271 603 325 648 fit
336 603 663 650 nutrimentum
679 607 723 650 &
738 603 861 650 causa
872 639 885 658 ,
908 603 979 652 sed
990 620 1070 666 po-

6 708 21 716 ,
74 666 162 714 titis
175 665 441 717 &cessatione
450 669 605 715 laboris
621 671 664 716 &
678 671 871 732 requiete
882 705 895 725 ,
910 670 1073 718 virium

77 733 479 782 refocillamentum
505 735 737 789 habeatur,
765 748 812 783 ut
827 736 1072 798 juventutis

75 801 220 849 animiv
234 817 312 864 per
333 800 534 847 exercitia
556 801 607 847 ad
635 817 794 864 magna
805 803 1070 856 incitentur,

78 883 135 914 ne
154 866 367 930 torpescat
389 883 466 929 per
479 867 681 912 inertiam
708 868 842 915 virtus
856 902 868 921 ‚
892 868 976 914 fint
991 884 1068 930 pe-

78 933 225 979 ditum
237 932 429 996 legiones
444 967 456 986 ,
471 944 569 978 tum
587 933 788 995 equitum
804 934 1072 980 hastatorum

77 1010 246 1046 turmae·
274 1002 388 1061 (nec
407 999 487 1044 alia
512 999 651 1062 magis
686 998 852 1046 lucrosa
876 999 1066 1062 Principi

80 1064 434 1128 impensa)—quae
459 1065 673 1110 exercitus
696 1064 854 1111 faciant
877 1082 1043 1112 nomen
1055 1099 1081 1119 ,.

79 1133 209 1177 castra
222 1141 448 1176 metaturae
460 1165 473 1184 ‚
487 1129 609 1176 velut
621 1147 702 1192 pro
715 1129 942 1177 securitate
952 1131 1070 1177 limi-

81 1208 181 1242 tum
194 1199 238 1243 &
250 1196 439 1259 regionis
454 1231 466 1250 ,
481 1195 552 1241 sed
567 1194 707 1243 veritis
722 1213 803 1258 pro
819 1196 1071 1243 condiscen-

81 1263 140 1309 do
153 1261 229 1308 usu
254 1262 383 1315 belli,
422 1266 467 1310 ὃς
491 1261 698 1308 continua
711 1262 994 1309 meditatione
1004 1278 1071 1309 ca-

80 1329 297 1380 strorum,
334 1328 423 1374 hoc
448 1327 569 1373 velut
598 1326 880 1375 seminarium
904 1328 1076 1375 militiae

82 1394 387 1440 instauraturus
423 1394 641 1454 Princeps.
692 1393 787 1438 Sint
808 1394 918 1440 item
949 1395 1075 1441 certis

82 1459 183 1506 anni
194 1459 466 1522 temporibus
479 1475 555 1521 per
566 1460 684 1505 vicos
707 1457 899 1506 delectus
913 1494 926 1513 ,
950 1460 1074 1506 adhi-

84 1526 180 1572 bitis
193 1525 336 1590 gnaris
359 1525 460 1571 belli
475 1524 721 1584 Praefectis,
745 1525 822 1587 qui
846 1525 1076 1573 habiliores

85 1593 219 1638 armis
244 1603 472 1637 exerceant
492 1625 505 1645 ,
542 1603 592 1636 ut
613 1590 732 1637 velut
755 1591 839 1637 tela
858 1603 932 1638 aut
952 1607 1075 1638 arma

83 1657 255 1719 fepofiti
265 1658 312 1703 in
323 1668 443 1719 parte
455 1692 470 1711 ‚
493 1657 688 1719 prompti
701 1656 815 1702 bello
829 1661 873 1704 ὃς
886 1657 1076 1704 occasio-

84 1724 212 1770 nibus
237 1722 501 1777 habeantur5
527 1723 623 1786 Qi
633 1721 753 1768 secus
765 1723 949 1769 otiosam
960 1732 1083 1771 amat

83 1806 237 1853 pacem
251 1788 439 1843 feriatus,
453 1788 546 1835 odit
559 1786 705 1851 potins
715 1788 836 1835 illam
849 1824 861 1842 ‚
877 1792 921 1836 ὃς
934 1786 1082 1836 veritis

86 1868 203 1903 amat
222 1855 391 1902 bellum
406 1891 419 1909 ‚
444 1852 541 1901 imo
566 1854 719 1917 sponte
741 1855 987 1917 periculum
998 1854 1088 1902 fibi·

87 1922 262 1969 accersit
287 1956 299 1975 ,
332 1921 521 1967 inertem
544 1921 646 1968 belli
672 1926 717 1969 &
749 1921 1014 1984 imparatum
1035 1920 1080 1967 se

86 1988 316 2035 invadendi
333 1988 608 2034 occafionem
632 1990 808 2034 daturus
822 2023 834 2042 ‚
860 1988 890 2034 fi
904 1987 1080 2050 praeser-

86 2055 172 2101 tim
197 2054 361 2101 vicinos
385 2054 602 2117 Principes
616 2055 771 2101 habeat
791 2053 835 2101 in
847 2053 920 2100 fita
941 2053 1085 2100 intem·

37 2139 41 2143 ·
87 2134 155 2167 tos
170 2155 181 2174 ‚
209 2124 254 2168 ὅτ.
275 2120 492 2182 captandis
514 2137 661 2166 rerum
676 2121 915 2168 momentis
928 2135 1080 2183 prom-

82 2199 203 2252 ptos.
250 2189 305 2234 I‘n
326 2185 503 2235 summa
525 2186 667 2235 dicam
680 2204 696 2245 3
732 2183 1083 2235 Armamentaria

958 2250 1082 2299 Prin»
