<?xml version="1.0" encoding="UTF-8"?>
<!DOCTYPE html PUBLIC "-//W3C//DTD XHTML 1.0 Transitional//EN"
    "http://www.w3.org/TR/xhtml1/DTD/xhtml1-transitional.dtd">
<html xmlns="http://www.w3.org/1999/xhtml" xml:lang="en" lang="en">
 <head>
  <title>
</title>
<meta http-equiv="Content-Type" content="text/html;charset=utf-8" />
  <meta name='ocr-system' content='tesseract 3.04.00' />
  <meta name='ocr-capabilities' content='ocr_page ocr_carea ocr_par ocr_line ocrx_word'/>
</head>
<body>
  <div class='ocr_page' id='page_1' title='image "./andreaemaximilia00fred_0116.png"; bbox 0 0 1320 2490; ppageno 0'>
   <div class='ocr_carea' id='block_1_1' title="bbox 237 79 1226 225">
    <p class='ocr_par' dir='ltr' id='par_1_1' title="bbox 237 79 1226 225">
     <span class='ocr_line' id='line_1_1' title="bbox 249 79 1155 131; baseline -0.006 -1"><span class='ocrx_word' id='word_1_1' title='bbox 249 87 337 131; x_wconf 81' lang='lat'>106</span> <span class='ocrx_word' id='word_1_2' title='bbox 404 84 676 129; x_wconf 76' lang='lat' dir='ltr'>ANDREAE</span> <span class='ocrx_word' id='word_1_3' title='bbox 711 79 867 124; x_wconf 78' lang='lat' dir='ltr'><strong>MAx.</strong></span> <span class='ocrx_word' id='word_1_4' title='bbox 906 79 1155 126; x_wconf 69' lang='lat' dir='ltr'>Fntnno</span> 
     </span>
     <span class='ocr_line' id='line_1_2' title="bbox 237 162 1226 225; baseline -0.003 -12"><span class='ocrx_word' id='word_1_5' title='bbox 237 162 770 225; x_wconf 86' lang='lat' dir='ltr'>horrescetpraemianda,</span> <span class='ocrx_word' id='word_1_6' title='bbox 782 162 989 216; x_wconf 87' lang='lat' dir='ltr'>oculum,</span> <span class='ocrx_word' id='word_1_7' title='bbox 1011 178 1196 210; x_wconf 88' lang='lat' dir='ltr'>manum</span> <span class='ocrx_word' id='word_1_8' title='bbox 1211 196 1226 217; x_wconf 90' lang='lat'>‚</span> 
     </span>
    </p>
   </div>
   <div class='ocr_carea' id='block_1_2' title="bbox 1267 0 1307 75">
    <p class='ocr_par' dir='ltr' id='par_1_2' title="bbox 1267 0 1307 75">
     <span class='ocr_line' id='line_1_3' title="bbox 1267 0 1307 75; baseline 0 -1"><span class='ocrx_word' id='word_1_9' title='bbox 1267 0 1307 75; x_wconf 59' lang='lat' dir='ltr'>if</span> 
     </span>
    </p>
   </div>
   <div class='ocr_carea' id='block_1_3' title="bbox 236 227 1228 294">
    <p class='ocr_par' dir='ltr' id='par_1_3' title="bbox 236 227 1289 294">
     <span class='ocr_line' id='line_1_4' title="bbox 236 227 1228 294; baseline -0.005 -16"><span class='ocrx_word' id='word_1_10' title='bbox 236 233 364 294; x_wconf 86' lang='lat' dir='ltr'>pedes</span> <span class='ocrx_word' id='word_1_11' title='bbox 380 229 608 292; x_wconf 79' lang='lat' dir='ltr'>laigietui</span> <span class='ocrx_word' id='word_1_12' title='bbox 626 227 685 273; x_wconf 75' lang='lat' dir='ltr'>fat</span> <span class='ocrx_word' id='word_1_13' title='bbox 696 227 962 283; x_wconf 86' lang='lat' dir='ltr'>oculorum,</span> <span class='ocrx_word' id='word_1_14' title='bbox 967 244 1197 274; x_wconf 76' lang='lat' dir='ltr'>,manuum</span> <span class='ocrx_word' id='word_1_15' title='bbox 1214 261 1228 282; x_wconf 93' lang='lat'>,</span> 
     </span>
    </p>
   </div>
   <div class='ocr_carea' id='block_1_4' title="bbox 233 293 1229 882">
    <p class='ocr_par' dir='ltr' id='par_1_4' title="bbox 233 293 1229 882">
     <span class='ocr_line' id='line_1_5' title="bbox 235 293 1229 359; baseline -0.001 -18"><span class='ocrx_word' id='word_1_16' title='bbox 235 298 403 359; x_wconf 85' lang='lat' dir='ltr'>pedum</span> <span class='ocrx_word' id='word_1_17' title='bbox 426 295 544 340; x_wconf 87' lang='lat' dir='ltr'>dives</span> <span class='ocrx_word' id='word_1_18' title='bbox 560 329 572 348; x_wconf 89' lang='lat'>‚</span> <span class='ocrx_word' id='word_1_19' title='bbox 606 293 815 356; x_wconf 87' lang='lat' dir='ltr'>Principis</span> <span class='ocrx_word' id='word_1_20' title='bbox 837 293 913 339; x_wconf 90' lang='lat' dir='ltr'>sui·</span> <span class='ocrx_word' id='word_1_21' title='bbox 926 293 1229 341; x_wconf 82' lang='lat' dir='ltr'>munificentia</span> 
     </span>
     <span class='ocr_line' id='line_1_6' title="bbox 235 358 1225 423; baseline -0.001 -16"><span class='ocrx_word' id='word_1_22' title='bbox 235 360 636 423; x_wconf 82' lang='lat' dir='ltr'>praemiandorum,</span> <span class='ocrx_word' id='word_1_23' title='bbox 657 375 802 422; x_wconf 89' lang='lat' dir='ltr'>neque</span> <span class='ocrx_word' id='word_1_24' title='bbox 823 358 975 405; x_wconf 82' lang='lat' dir='ltr'>sentiet</span> <span class='ocrx_word' id='word_1_25' title='bbox 996 375 1225 406; x_wconf 85' lang='lat' dir='ltr'>aurocon-</span> 
     </span>
     <span class='ocr_line' id='line_1_7' title="bbox 234 424 1225 488; baseline -0.002 -15"><span class='ocrx_word' id='word_1_26' title='bbox 234 427 349 473; x_wconf 61' lang='lat' dir='ltr'>tedta</span> <span class='ocrx_word' id='word_1_27' title='bbox 359 425 757 488; x_wconf 82' lang='lat' dir='ltr'>vulnera3Loquar</span> <span class='ocrx_word' id='word_1_28' title='bbox 745 426 879 488; x_wconf 81' lang='lat' dir='ltr'>igitur</span> <span class='ocrx_word' id='word_1_29' title='bbox 890 425 1024 488; x_wconf 88' lang='lat' dir='ltr'>idque</span> <span class='ocrx_word' id='word_1_30' title='bbox 1035 424 1114 471; x_wconf 90' lang='lat' dir='ltr'>sub</span> <span class='ocrx_word' id='word_1_31' title='bbox 1128 428 1225 472; x_wconf 90' lang='lat' dir='ltr'>Ro-</span> 
     </span>
     <span class='ocr_line' id='line_1_8' title="bbox 235 491 1226 555; baseline -0.002 -16"><span class='ocrx_word' id='word_1_32' title='bbox 235 508 475 539; x_wconf 88' lang='lat' dir='ltr'>manorum</span> <span class='ocrx_word' id='word_1_33' title='bbox 497 492 716 555; x_wconf 82' lang='lat' dir='ltr'>imagine,</span> <span class='ocrx_word' id='word_1_34' title='bbox 743 491 840 537; x_wconf 82' lang='lat' dir='ltr'>satis</span> <span class='ocrx_word' id='word_1_35' title='bbox 877 496 894 552; x_wconf 92' lang='lat'><strong>(</strong></span> <span class='ocrx_word' id='word_1_36' title='bbox 911 491 944 537; x_wconf 87' lang='lat' dir='ltr'>fi</span> <span class='ocrx_word' id='word_1_37' title='bbox 968 491 1226 552; x_wconf 87' lang='lat' dir='ltr'>exemplum</span> 
     </span>
     <span class='ocr_line' id='line_1_9' title="bbox 234 557 1225 622; baseline -0.001 -18"><span class='ocrx_word' id='word_1_38' title='bbox 234 559 489 621; x_wconf 87' lang='lat' dir='ltr'>sequamur)</span> <span class='ocrx_word' id='word_1_39' title='bbox 507 557 797 622; x_wconf 77' lang='lat' dir='ltr'>suggesturus.</span> <span class='ocrx_word' id='word_1_40' title='bbox 839 557 1110 620; x_wconf 88' lang='lat' dir='ltr'>Perquirenti</span> <span class='ocrx_word' id='word_1_41' title='bbox 1125 573 1225 603; x_wconf 88' lang='lat' dir='ltr'>cau-</span> 
     </span>
     <span class='ocr_line' id='line_1_10' title="bbox 233 623 1227 685; baseline -0.002 -14"><span class='ocrx_word' id='word_1_42' title='bbox 233 624 327 671; x_wconf 86' lang='lat' dir='ltr'>sam</span> <span class='ocrx_word' id='word_1_43' title='bbox 363 623 596 675; x_wconf 74' lang='lat' dir='ltr'>curiosius,</span> <span class='ocrx_word' id='word_1_44' title='bbox 633 638 903 685; x_wconf 78' lang='lat' dir='ltr'>magnorum</span> <span class='ocrx_word' id='word_1_45' title='bbox 937 624 984 668; x_wconf 90' lang='lat' dir='ltr'>in</span> <span class='ocrx_word' id='word_1_46' title='bbox 1019 625 1227 670; x_wconf 85' lang='lat' dir='ltr'>Romana</span> 
     </span>
     <span class='ocr_line' id='line_1_11' title="bbox 235 687 1227 749; baseline -0.002 -13"><span class='ocrx_word' id='word_1_47' title='bbox 235 690 349 736; x_wconf 77' lang='lat' dir='ltr'>olim</span> <span class='ocrx_word' id='word_1_48' title='bbox 383 689 490 735; x_wconf 90' lang='lat' dir='ltr'>urbe</span> <span class='ocrx_word' id='word_1_49' title='bbox 524 688 861 749; x_wconf 82' lang='lat' dir='ltr'>exemplorum,</span> <span class='ocrx_word' id='word_1_50' title='bbox 896 687 985 733; x_wconf 88' lang='lat' dir='ltr'>five</span> <span class='ocrx_word' id='word_1_51' title='bbox 1020 688 1227 734; x_wconf 87' lang='lat' dir='ltr'>virtutem</span> 
     </span>
     <span class='ocr_line' id='line_1_12' title="bbox 233 753 1226 820; baseline -0.002 -18"><span class='ocrx_word' id='word_1_52' title='bbox 233 766 455 820; x_wconf 84' lang='lat' dir='ltr'>togatam,</span> <span class='ocrx_word' id='word_1_53' title='bbox 483 754 568 799; x_wconf 80' lang='lat' dir='ltr'>sive</span> <span class='ocrx_word' id='word_1_54' title='bbox 582 753 817 799; x_wconf 84' lang='lat' dir='ltr'>militarem</span> <span class='ocrx_word' id='word_1_55' title='bbox 835 757 852 814; x_wconf 83' lang='grc'><em>&lt;</em></span> <span class='ocrx_word' id='word_1_56' title='bbox 857 754 977 816; x_wconf 88' lang='lat' dir='ltr'>quod</span> <span class='ocrx_word' id='word_1_57' title='bbox 991 754 1129 817; x_wconf 83' lang='lat' dir='ltr'>magis</span> <span class='ocrx_word' id='word_1_58' title='bbox 1141 754 1226 800; x_wconf 84' lang='lat' dir='ltr'>mi·</span> 
     </span>
     <span class='ocr_line' id='line_1_13' title="bbox 234 818 1223 882; baseline -0.002 -14"><span class='ocrx_word' id='word_1_59' title='bbox 234 822 362 878; x_wconf 87' lang='lat' dir='ltr'>rere)</span> <span class='ocrx_word' id='word_1_60' title='bbox 399 821 524 866; x_wconf 75' lang='lat' dir='ltr'>sexus</span> <span class='ocrx_word' id='word_1_61' title='bbox 548 818 774 882; x_wconf 82' lang='lat' dir='ltr'>utriusque</span> <span class='ocrx_word' id='word_1_62' title='bbox 798 818 988 882; x_wconf 61' lang='lat' dir='ltr'>spectare</span> <span class='ocrx_word' id='word_1_63' title='bbox 1009 836 1118 881; x_wconf 90' lang='lat' dir='ltr'>opus</span> <span class='ocrx_word' id='word_1_64' title='bbox 1143 819 1223 873; x_wconf 90' lang='lat' dir='ltr'>fit,</span> 
     </span>
    </p>
   </div>
   <div class='ocr_carea' id='block_1_5' title="bbox 237 886 1293 949">
    <p class='ocr_par' dir='ltr' id='par_1_5' title="bbox 237 886 1293 949">
     <span class='ocr_line' id='line_1_14' title="bbox 237 886 1293 949; baseline -0.005 -17"><span class='ocrx_word' id='word_1_65' title='bbox 237 899 288 933; x_wconf 88' lang='lat' dir='ltr'>ut</span> <span class='ocrx_word' id='word_1_66' title='bbox 322 887 352 932; x_wconf 85' lang='lat' dir='ltr'>s1</span> <span class='ocrx_word' id='word_1_67' title='bbox 379 886 602 946; x_wconf 79' lang='lat' dir='ltr'>exemplar</span> <span class='ocrx_word' id='word_1_68' title='bbox 628 901 799 949; x_wconf 84' lang='lat' dir='ltr'>magnae</span> <span class='ocrx_word' id='word_1_69' title='bbox 827 886 995 932; x_wconf 81' lang='lat' dir='ltr'>virtutis</span> <span class='ocrx_word' id='word_1_70' title='bbox 1031 902 1225 948; x_wconf 80' lang='lat' dir='ltr'>quaeras,</span> <span class='ocrx_word' id='word_1_71' title='bbox 1288 923 1293 927; x_wconf 87' lang='lat'>.</span> 
     </span>
    </p>
   </div>
   <div class='ocr_carea' id='block_1_6' title="bbox 233 948 1227 1013">
    <p class='ocr_par' dir='ltr' id='par_1_6' title="bbox 233 948 1227 1013">
     <span class='ocr_line' id='line_1_15' title="bbox 233 948 1227 1013; baseline -0.001 -15"><span class='ocrx_word' id='word_1_72' title='bbox 233 969 325 998; x_wconf 86' lang='lat' dir='ltr'>non</span> <span class='ocrx_word' id='word_1_73' title='bbox 339 952 475 1004; x_wconf 82' lang='lat' dir='ltr'>alium</span> <span class='ocrx_word' id='word_1_74' title='bbox 489 948 625 1013; x_wconf 64' lang='lat' dir='ltr'>quam</span> <span class='ocrx_word' id='word_1_75' title='bbox 648 954 912 999; x_wconf 85' lang='lat' dir='ltr'>Romanum</span> <span class='ocrx_word' id='word_1_76' title='bbox 924 952 1064 997; x_wconf 84' lang='lat' dir='ltr'>civem</span> <span class='ocrx_word' id='word_1_77' title='bbox 1081 952 1227 998; x_wconf 87' lang='lat' dir='ltr'>nomi-</span> 
     </span>
    </p>
   </div>
   <div class='ocr_carea' id='block_1_7' title="bbox 1274 300 1286 318">
    <p class='ocr_par' dir='ltr' id='par_1_7' title="bbox 1274 300 1286 318">
     <span class='ocr_line' id='line_1_16' title="bbox 1274 300 1286 318; baseline 0 -16"><span class='ocrx_word' id='word_1_78' title='bbox 1274 300 1286 318; x_wconf 39' lang='grc' dir='ltr'>θ,</span> 
     </span>
    </p>
   </div>
   <div class='ocr_carea' id='block_1_8' title="bbox 1271 317 1297 509">
    <p class='ocr_par' dir='ltr' id='par_1_8' title="bbox 1271 317 1297 509">
     <span class='ocr_line' id='line_1_17' title="bbox 1271 317 1292 428; baseline 0 0"><span class='ocrx_word' id='word_1_79' title='bbox 1271 317 1292 428; x_wconf 66' lang='grc' dir='ltr'><em>Ξ</em></span> 
     </span>
     <span class='ocr_line' id='line_1_18' title="bbox 1273 431 1297 509; baseline 0 -9"><span class='ocrx_word' id='word_1_80' title='bbox 1273 431 1297 509; x_wconf 66' lang='grc'>1</span> 
     </span>
    </p>
   </div>
   <div class='ocr_carea' id='block_1_9' title="bbox 1276 514 1298 918">
    <p class='ocr_par' dir='ltr' id='par_1_9' title="bbox 1276 514 1298 918">
     <span class='ocr_line' id='line_1_19' title="bbox 1276 514 1293 626; baseline 0 0"><span class='ocrx_word' id='word_1_81' title='bbox 1276 514 1293 626; x_wconf 73' lang='grc' dir='ltr'><em>ἒ</em></span> 
     </span>
     <span class='ocr_line' id='line_1_20' title="bbox 1281 632 1296 684; baseline 0 0"><span class='ocrx_word' id='word_1_82' title='bbox 1281 632 1296 684; x_wconf 60' lang='lat'><em>2</em></span> 
     </span>
     <span class='ocr_line' id='line_1_21' title="bbox 1281 686 1298 918; baseline 0 0"><span class='ocrx_word' id='word_1_83' title='bbox 1281 686 1298 918; x_wconf 60' lang='grc' dir='ltr'>ἓ</span> 
     </span>
    </p>
   </div>
   <div class='ocr_carea' id='block_1_10' title="bbox 233 1016 1296 1091">
    <p class='ocr_par' dir='ltr' id='par_1_10' title="bbox 233 1016 1296 1091">
     <span class='ocr_line' id='line_1_22' title="bbox 233 1016 1296 1091; baseline -0.001 -28"><span class='ocrx_word' id='word_1_84' title='bbox 233 1034 336 1063; x_wconf 84' lang='lat' dir='ltr'>nare</span> <span class='ocrx_word' id='word_1_85' title='bbox 371 1017 423 1063; x_wconf 85' lang='lat' dir='ltr'>fit</span> <span class='ocrx_word' id='word_1_86' title='bbox 446 1018 625 1063; x_wconf 76' lang='lat' dir='ltr'>necesse.</span> <span class='ocrx_word' id='word_1_87' title='bbox 675 1019 774 1063; x_wconf 91' lang='lat' dir='ltr'>Nec</span> <span class='ocrx_word' id='word_1_88' title='bbox 805 1017 886 1062; x_wconf 85' lang='lat' dir='ltr'>alia</span> <span class='ocrx_word' id='word_1_89' title='bbox 916 1016 1055 1063; x_wconf 87' lang='lat' dir='ltr'>subest</span> <span class='ocrx_word' id='word_1_90' title='bbox 1088 1017 1225 1091; x_wconf 78' lang='lat' dir='ltr'>ratio,</span> <span class='ocrx_word' id='word_1_91' title='bbox 1288 1032 1296 1081; x_wconf 64' lang='lat' dir='ltr'><strong><em>J</em></strong></span> 
     </span>
    </p>
   </div>
   <div class='ocr_carea' id='block_1_11' title="bbox 228 1082 1226 2067">
    <p class='ocr_par' dir='ltr' id='par_1_11' title="bbox 228 1082 1226 2067">
     <span class='ocr_line' id='line_1_23' title="bbox 234 1082 1226 1146; baseline 0 -18"><span class='ocrx_word' id='word_1_92' title='bbox 234 1099 370 1146; x_wconf 76' lang='lat' dir='ltr'>quam</span> <span class='ocrx_word' id='word_1_93' title='bbox 384 1083 505 1146; x_wconf 89' lang='lat' dir='ltr'>quod</span> <span class='ocrx_word' id='word_1_94' title='bbox 528 1082 682 1128; x_wconf 85' lang='lat' dir='ltr'>nullibi</span> <span class='ocrx_word' id='word_1_95' title='bbox 705 1082 978 1129; x_wconf 84' lang='lat' dir='ltr'>honoratam</span> <span class='ocrx_word' id='word_1_96' title='bbox 984 1083 1125 1146; x_wconf 84' lang='lat' dir='ltr'>magis</span> <span class='ocrx_word' id='word_1_97' title='bbox 1155 1087 1226 1143; x_wconf 79' lang='lat' dir='ltr'>(ac</span> 
     </span>
     <span class='ocr_line' id='line_1_24' title="bbox 231 1145 1225 1212; baseline 0 -18"><span class='ocrx_word' id='word_1_98' title='bbox 231 1149 415 1212; x_wconf 82' lang='lat' dir='ltr'>proinde</span> <span class='ocrx_word' id='word_1_99' title='bbox 434 1145 561 1194; x_wconf 85' lang='lat' dir='ltr'>tacite</span> <span class='ocrx_word' id='word_1_100' title='bbox 598 1148 776 1211; x_wconf 77' lang='lat' dir='ltr'>leliquis</span> <span class='ocrx_word' id='word_1_101' title='bbox 811 1148 1102 1206; x_wconf 84' lang='lat' dir='ltr'>inculcatam)</span> <span class='ocrx_word' id='word_1_102' title='bbox 1141 1149 1225 1194; x_wconf 91' lang='lat' dir='ltr'>vir-</span> 
     </span>
     <span class='ocr_line' id='line_1_25' title="bbox 232 1213 1223 1277; baseline 0.001 -18"><span class='ocrx_word' id='word_1_103' title='bbox 232 1226 375 1260; x_wconf 88' lang='lat' dir='ltr'>tutem</span> <span class='ocrx_word' id='word_1_104' title='bbox 386 1214 531 1260; x_wconf 87' lang='lat' dir='ltr'>videre</span> <span class='ocrx_word' id='word_1_105' title='bbox 543 1214 621 1267; x_wconf 85' lang='lat' dir='ltr'>fit,</span> <span class='ocrx_word' id='word_1_106' title='bbox 647 1230 788 1277; x_wconf 82' lang='lat' dir='ltr'>quam</span> <span class='ocrx_word' id='word_1_107' title='bbox 808 1213 895 1260; x_wconf 83' lang='lat' dir='ltr'>fuit</span> <span class='ocrx_word' id='word_1_108' title='bbox 915 1215 1030 1277; x_wconf 85' lang='lat' dir='ltr'>apud</span> <span class='ocrx_word' id='word_1_109' title='bbox 1053 1217 1223 1260; x_wconf 90' lang='lat' dir='ltr'>Roma·</span> 
     </span>
     <span class='ocr_line' id='line_1_26' title="bbox 232 1280 1226 1333; baseline 0 -6"><span class='ocrx_word' id='word_1_110' title='bbox 232 1297 311 1327; x_wconf 89' lang='lat' dir='ltr'>nos</span> <span class='ocrx_word' id='word_1_111' title='bbox 326 1315 338 1333; x_wconf 94' lang='lat'>,</span> <span class='ocrx_word' id='word_1_112' title='bbox 365 1280 434 1326; x_wconf 86' lang='lat' dir='ltr'>vel</span> <span class='ocrx_word' id='word_1_113' title='bbox 459 1281 547 1325; x_wconf 83' lang='lat' dir='ltr'>astu</span> <span class='ocrx_word' id='word_1_114' title='bbox 569 1281 700 1326; x_wconf 80' lang='lat' dir='ltr'>credo</span> <span class='ocrx_word' id='word_1_115' title='bbox 724 1281 791 1326; x_wconf 88' lang='lat' dir='ltr'>vel</span> <span class='ocrx_word' id='word_1_116' title='bbox 817 1280 998 1326; x_wconf 86' lang='lat' dir='ltr'>confilio</span> <span class='ocrx_word' id='word_1_117' title='bbox 1024 1281 1226 1327; x_wconf 88' lang='lat' dir='ltr'>videntur</span> 
     </span>
     <span class='ocr_line' id='line_1_27' title="bbox 231 1345 1222 1409; baseline 0.001 -17"><span class='ocrx_word' id='word_1_118' title='bbox 231 1345 492 1409; x_wconf 75' lang='lat' dir='ltr'>excogitasse</span> <span class='ocrx_word' id='word_1_119' title='bbox 503 1346 700 1391; x_wconf 81' lang='lat' dir='ltr'>Romani</span> <span class='ocrx_word' id='word_1_120' title='bbox 711 1346 863 1393; x_wconf 86' lang='lat' dir='ltr'>statuas</span> <span class='ocrx_word' id='word_1_121' title='bbox 875 1381 888 1400; x_wconf 90' lang='lat'>,</span> <span class='ocrx_word' id='word_1_122' title='bbox 913 1363 1016 1409; x_wconf 88' lang='lat' dir='ltr'>quas</span> <span class='ocrx_word' id='word_1_123' title='bbox 1042 1363 1096 1392; x_wconf 84' lang='lat' dir='ltr'>ex</span> <span class='ocrx_word' id='word_1_124' title='bbox 1108 1345 1222 1393; x_wconf 88' lang='lat' dir='ltr'>sena-</span> 
     </span>
     <span class='ocr_line' id='line_1_28' title="bbox 229 1410 1226 1474; baseline 0 -16"><span class='ocrx_word' id='word_1_125' title='bbox 229 1423 297 1458; x_wconf 82' lang='lat' dir='ltr'>tus</span> <span class='ocrx_word' id='word_1_126' title='bbox 322 1410 521 1457; x_wconf 84' lang='lat' dir='ltr'>consulto</span> <span class='ocrx_word' id='word_1_127' title='bbox 548 1411 824 1458; x_wconf 86' lang='lat' dir='ltr'>benemeritis</span> <span class='ocrx_word' id='word_1_128' title='bbox 859 1412 1080 1474; x_wconf 85' lang='lat' dir='ltr'>erigebant</span> <span class='ocrx_word' id='word_1_129' title='bbox 1104 1446 1116 1465; x_wconf 91' lang='lat'>,</span> <span class='ocrx_word' id='word_1_130' title='bbox 1151 1423 1226 1458; x_wconf 88' lang='lat' dir='ltr'>aut</span> 
     </span>
     <span class='ocr_line' id='line_1_29' title="bbox 230 1475 1219 1540; baseline -0.002 -17"><span class='ocrx_word' id='word_1_131' title='bbox 230 1479 443 1540; x_wconf 84' lang='lat' dir='ltr'>equestres</span> <span class='ocrx_word' id='word_1_132' title='bbox 469 1489 543 1522; x_wconf 88' lang='lat' dir='ltr'>aut</span> <span class='ocrx_word' id='word_1_133' title='bbox 566 1476 777 1538; x_wconf 84' lang='lat' dir='ltr'>pedestres</span> <span class='ocrx_word' id='word_1_134' title='bbox 793 1511 804 1529; x_wconf 93' lang='lat'>,</span> <span class='ocrx_word' id='word_1_135' title='bbox 842 1493 932 1523; x_wconf 87' lang='lat' dir='ltr'>non</span> <span class='ocrx_word' id='word_1_136' title='bbox 947 1477 1054 1521; x_wconf 28' lang='lat' dir='ltr'>*viris</span> <span class='ocrx_word' id='word_1_137' title='bbox 1080 1475 1219 1522; x_wconf 67' lang='lat' dir='ltr'>modo</span> 
     </span>
     <span class='ocr_line' id='line_1_30' title="bbox 231 1541 1219 1604; baseline -0.002 -16"><span class='ocrx_word' id='word_1_138' title='bbox 231 1541 603 1588; x_wconf 74' lang='lat' dir='ltr'>verumfoeminis</span> <span class='ocrx_word' id='word_1_139' title='bbox 616 1576 629 1595; x_wconf 85' lang='lat'>‚</span> <span class='ocrx_word' id='word_1_140' title='bbox 648 1558 809 1604; x_wconf 87' lang='lat' dir='ltr'>nempe</span> <span class='ocrx_word' id='word_1_141' title='bbox 824 1554 872 1588; x_wconf 92' lang='lat' dir='ltr'>ut</span> <span class='ocrx_word' id='word_1_142' title='bbox 882 1542 1004 1588; x_wconf 85' lang='lat' dir='ltr'>sexui</span> <span class='ocrx_word' id='word_1_143' title='bbox 1017 1542 1192 1604; x_wconf 88' lang='lat' dir='ltr'>utrique</span> <span class='ocrx_word' id='word_1_144' title='bbox 1206 1576 1219 1595; x_wconf 89' lang='lat'><em>,</em></span> 
     </span>
     <span class='ocr_line' id='line_1_31' title="bbox 233 1606 1219 1655; baseline 0 -2"><span class='ocrx_word' id='word_1_145' title='bbox 233 1624 321 1655; x_wconf 86' lang='lat' dir='ltr'>non</span> <span class='ocrx_word' id='word_1_146' title='bbox 335 1607 494 1653; x_wconf 76' lang='lat' dir='ltr'>deesset</span> <span class='ocrx_word' id='word_1_147' title='bbox 517 1609 569 1654; x_wconf 83' lang='lat' dir='ltr'>ad</span> <span class='ocrx_word' id='word_1_148' title='bbox 584 1606 703 1654; x_wconf 56' lang='lat' dir='ltr'>redte</span> <span class='ocrx_word' id='word_1_149' title='bbox 719 1608 968 1654; x_wconf 81' lang='lat' dir='ltr'>faciendum</span> <span class='ocrx_word' id='word_1_150' title='bbox 981 1607 1219 1653; x_wconf 87' lang='lat' dir='ltr'>allicimen-</span> 
     </span>
     <span class='ocr_line' id='line_1_32' title="bbox 230 1672 1223 1737; baseline -0.002 -16"><span class='ocrx_word' id='word_1_151' title='bbox 230 1686 330 1721; x_wconf 78' lang='lat' dir='ltr'>tum</span> <span class='ocrx_word' id='word_1_152' title='bbox 355 1677 399 1720; x_wconf 84' lang='lat'>&amp;</span> <span class='ocrx_word' id='word_1_153' title='bbox 412 1674 594 1721; x_wconf 86' lang='lat' dir='ltr'>occafio.</span> <span class='ocrx_word' id='word_1_154' title='bbox 633 1675 848 1737; x_wconf 83' lang='lat' dir='ltr'>Qorum</span> <span class='ocrx_word' id='word_1_155' title='bbox 864 1672 968 1719; x_wconf 71' lang='lat' dir='ltr'>vero</span> <span class='ocrx_word' id='word_1_156' title='bbox 982 1674 1115 1720; x_wconf 85' lang='lat' dir='ltr'>virtus</span> <span class='ocrx_word' id='word_1_157' title='bbox 1130 1690 1223 1719; x_wconf 92' lang='lat' dir='ltr'>non</span> 
     </span>
     <span class='ocr_line' id='line_1_33' title="bbox 229 1738 1224 1802; baseline -0.001 -16"><span class='ocrx_word' id='word_1_158' title='bbox 229 1755 379 1802; x_wconf 83' lang='lat' dir='ltr'>aequav</span> <span class='ocrx_word' id='word_1_159' title='bbox 381 1740 414 1785; x_wconf 87' lang='lat' dir='ltr'>it</span> <span class='ocrx_word' id='word_1_160' title='bbox 426 1738 648 1786; x_wconf 85' lang='lat' dir='ltr'>honorem</span> <span class='ocrx_word' id='word_1_161' title='bbox 659 1741 831 1793; x_wconf 82' lang='lat' dir='ltr'>statuae,</span> <span class='ocrx_word' id='word_1_162' title='bbox 837 1756 1039 1802; x_wconf 87' lang='lat' dir='ltr'>reperere</span> <span class='ocrx_word' id='word_1_163' title='bbox 1053 1740 1224 1785; x_wconf 86' lang='lat' dir='ltr'>minora</span> 
     </span>
     <span class='ocr_line' id='line_1_34' title="bbox 228 1805 1219 1867; baseline 0.002 -17"><span class='ocrx_word' id='word_1_164' title='bbox 228 1805 446 1867; x_wconf 74' lang='lat' dir='ltr'>praemia,</span> <span class='ocrx_word' id='word_1_165' title='bbox 472 1805 660 1852; x_wconf 86' lang='lat' dir='ltr'>murales</span> <span class='ocrx_word' id='word_1_166' title='bbox 684 1806 885 1852; x_wconf 84' lang='lat' dir='ltr'>videlicet</span> <span class='ocrx_word' id='word_1_167' title='bbox 906 1806 1190 1852; x_wconf 88' lang='lat' dir='ltr'>obfidionales</span> <span class='ocrx_word' id='word_1_168' title='bbox 1206 1840 1219 1860; x_wconf 90' lang='lat'><strong>,</strong></span> 
     </span>
     <span class='ocr_line' id='line_1_35' title="bbox 230 1871 1224 1936; baseline 0.002 -20"><span class='ocrx_word' id='word_1_169' title='bbox 230 1871 384 1917; x_wconf 88' lang='lat' dir='ltr'>civicas</span> <span class='ocrx_word' id='word_1_170' title='bbox 408 1884 588 1918; x_wconf 76' lang='lat' dir='ltr'>coronas</span> <span class='ocrx_word' id='word_1_171' title='bbox 602 1905 616 1925; x_wconf 85' lang='lat'>‚</span> <span class='ocrx_word' id='word_1_172' title='bbox 652 1883 751 1920; x_wconf 89' lang='lat' dir='ltr'>tum</span> <span class='ocrx_word' id='word_1_173' title='bbox 785 1884 933 1936; x_wconf 87' lang='lat' dir='ltr'>togas,</span> <span class='ocrx_word' id='word_1_174' title='bbox 969 1884 1196 1934; x_wconf 85' lang='lat' dir='ltr'>praetextas</span> <span class='ocrx_word' id='word_1_175' title='bbox 1210 1906 1224 1925; x_wconf 91' lang='lat'><strong>,</strong></span> 
     </span>
     <span class='ocr_line' id='line_1_36' title="bbox 230 1935 1220 1992; baseline 0.003 -11"><span class='ocrx_word' id='word_1_176' title='bbox 230 1935 424 1992; x_wconf 88' lang='lat' dir='ltr'>balteos,</span> <span class='ocrx_word' id='word_1_177' title='bbox 447 1937 629 1984; x_wconf 80' lang='lat' dir='ltr'>annulos</span> <span class='ocrx_word' id='word_1_178' title='bbox 656 1941 863 1985; x_wconf 84' lang='lat' dir='ltr'>&amp;caetera</span> <span class='ocrx_word' id='word_1_179' title='bbox 887 1939 1103 1985; x_wconf 86' lang='lat' dir='ltr'>virtutum</span> <span class='ocrx_word' id='word_1_180' title='bbox 1112 1937 1220 1984; x_wconf 85' lang='lat' dir='ltr'>infi-</span> 
     </span>
     <span class='ocr_line' id='line_1_37' title="bbox 229 2002 1221 2067; baseline 0.002 -20"><span class='ocrx_word' id='word_1_181' title='bbox 229 2002 356 2066; x_wconf 85' lang='lat' dir='ltr'>gnia3</span> <span class='ocrx_word' id='word_1_182' title='bbox 384 2019 528 2064; x_wconf 83' lang='lat' dir='ltr'>neque</span> <span class='ocrx_word' id='word_1_183' title='bbox 540 2003 730 2050; x_wconf 87' lang='lat' dir='ltr'>obstabat</span> <span class='ocrx_word' id='word_1_184' title='bbox 742 2016 868 2057; x_wconf 69' lang='lat' dir='ltr'>aetas,</span> <span class='ocrx_word' id='word_1_185' title='bbox 884 2004 1124 2067; x_wconf 85' lang='lat' dir='ltr'>quominus</span> <span class='ocrx_word' id='word_1_186' title='bbox 1136 2004 1221 2050; x_wconf 88' lang='lat' dir='ltr'>mi-</span> 
     </span>
    </p>
   </div>
   <div class='ocr_carea' id='block_1_12' title="bbox 230 2039 1238 2116">
    <p class='ocr_par' dir='ltr' id='par_1_12' title="bbox 230 2039 1238 2116">
     <span class='ocr_line' id='line_1_38' title="bbox 230 2039 1238 2116; baseline 0.002 -2"><span class='ocrx_word' id='word_1_187' title='bbox 230 2080 437 2114; x_wconf 86' lang='lat' dir='ltr'>nueretur</span> <span class='ocrx_word' id='word_1_188' title='bbox 449 2068 595 2113; x_wconf 89' lang='lat' dir='ltr'>honor</span> <span class='ocrx_word' id='word_1_189' title='bbox 609 2069 759 2115; x_wconf 87' lang='lat' dir='ltr'>virtuti</span> <span class='ocrx_word' id='word_1_190' title='bbox 773 2089 781 2116; x_wconf 90' lang='grc'>;</span> <span class='ocrx_word' id='word_1_191' title='bbox 800 2039 990 2116; x_wconf 81' lang='lat' dir='ltr'>Mirabar</span> <span class='ocrx_word' id='word_1_192' title='bbox 1001 2070 1102 2115; x_wconf 88' lang='lat' dir='ltr'>inde</span> <span class='ocrx_word' id='word_1_193' title='bbox 1115 2086 1222 2116; x_wconf 89' lang='lat' dir='ltr'>cum</span> <span class='ocrx_word' id='word_1_194' title='bbox 1236 2099 1238 2101; x_wconf 96' lang='lat'>-</span> 
     </span>
    </p>
   </div>
   <div class='ocr_carea' id='block_1_13' title="bbox 229 2131 1225 2250">
    <p class='ocr_par' dir='ltr' id='par_1_13' title="bbox 229 2131 1225 2250">
     <span class='ocr_line' id='line_1_39' title="bbox 229 2131 1221 2209; baseline 0.001 -28"><span class='ocrx_word' id='word_1_195' title='bbox 229 2131 451 2198; x_wconf 85' lang='lat' dir='ltr'>legerem,</span> <span class='ocrx_word' id='word_1_196' title='bbox 477 2133 663 2184; x_wconf 80' lang='lat' dir='ltr'>AEmilio</span> <span class='ocrx_word' id='word_1_197' title='bbox 675 2136 873 2199; x_wconf 84' lang='lat' dir='ltr'>Lepido,</span> <span class='ocrx_word' id='word_1_198' title='bbox 908 2135 1015 2187; x_wconf 75' lang='lat' dir='ltr'>cum</span> <span class='ocrx_word' id='word_1_199' title='bbox 1040 2152 1148 2209; x_wconf 75' lang='lat' dir='ltr'>puer</span> <span class='ocrx_word' id='word_1_200' title='bbox 1175 2136 1221 2182; x_wconf 88' lang='lat' dir='ltr'>in</span> 
     </span>
     <span class='ocr_line' id='line_1_40' title="bbox 1086 2217 1225 2250; baseline 0 0"><span class='ocrx_word' id='word_1_201' title='bbox 1086 2217 1225 2250; x_wconf 79' lang='lat' dir='ltr'>aciem</span> 
     </span>
    </p>
   </div>
   <div class='ocr_carea' id='block_1_14' title="bbox 1289 1578 1315 2147">
    <p class='ocr_par' dir='ltr' id='par_1_14' title="bbox 1289 1578 1315 2147">
     <span class='ocr_line' id='line_1_41' title="bbox 1289 1578 1315 2147; textangle 90"><span class='ocrx_word' id='word_1_202' title='bbox 1296 2136 1314 2147; x_wconf 57' lang='lat'>„¹</span> <span class='ocrx_word' id='word_1_203' title='bbox 1304 2101 1305 2105; x_wconf 61' lang='lat'><em>„</em></span> <span class='ocrx_word' id='word_1_204' title='bbox 1296 2038 1306 2074; x_wconf 65' lang='grc' dir='ltr'>ιι·</span> <span class='ocrx_word' id='word_1_205' title='bbox 1294 1834 1310 2027; x_wconf 32' lang='lat' dir='ltr'>zzz-*2⁴:³23</span> <span class='ocrx_word' id='word_1_206' title='bbox 1295 1739 1309 1826; x_wconf 54' lang='lat' dir='ltr'>§mv-</span> <span class='ocrx_word' id='word_1_207' title='bbox 1289 1619 1315 1729; x_wconf 49' lang='grc' dir='ltr'>»ν’-ανδ-</span> <span class='ocrx_word' id='word_1_208' title='bbox 1295 1578 1303 1607; x_wconf 49' lang='grc' dir='ltr'>-π</span> 
     </span>
    </p>
   </div>
  </div>
 </body>
</html>
