1320 2490
243 79 338 138 296
375 75 649 120 ANDREAE
684 72 838 116 MAx.
879 71 1127 117 Fnssnno

239 165 329 210 flua
366 196 378 216 ,
428 159 621 222 adusque
655 158 1040 206 commodandum
1078 158 1236 206 exteris
1296 158 1315 186 ⁷³⁴

235 226 497 276 abundantia
511 260 525 279 ‚
551 241 663 272 verae
678 228 722 273 ὃς
735 225 837 271 solae
861 225 912 271 ad
927 225 1060 271 vitam
1075 224 1235 272 huma-

237 310 367 346 nam,
397 292 581 344 alendo,
607 290 824 355 tegendo,
849 290 1042 344 tuendo,
1063 307 1167 353 pace
1188 293 1235 338 &

234 359 352 406 bello
375 357 614 404 necessariae
637 357 820 410 divitiae,
856 367 957 403 tum
981 358 1237 404 commodi-

233 437 356 480 tates5
373 435 522 470 tamen
535 424 701 487 argenti
713 439 762 469 ac
772 424 866 470 aeris
880 421 1041 469 fodinae
1053 439 1143 470 non
1160 425 1235 470 de-

233 491 348 538 sunt.
388 494 580 552 Experta
590 490 763 536 dudum
789 494 806 551 (
819 489 892 536 sed
916 505 1035 536 nunc
1057 489 1234 552 praeser-

231 557 339 615 tim)
378 559 552 618 Europa
566 590 577 609 ‚
592 571 695 618 opes
709 555 893 602 Polonas
907 590 928 609 ‚v
947 553 1054 602 cum
1067 567 1142 602 aut
1151 572 1241 618 pror
1298 554 1302 564 ²

233 623 440 676 Polonia‚
467 633 542 667 aut
553 633 726 675 contra,
755 622 867 668 intra
889 621 1120 668 Poloniam
1137 627 1228 683 (ve-

232 689 300 736 lut
313 688 413 735 alibi
424 687 515 734 dixi
529 688 547 746 )
563 687 734 751 magnis
748 687 1007 734 exercitibus
1021 698 1113 733 tota
1125 703 1232 734 con-

233 766 457 802 cuteretur
469 789 481 807 ,
508 753 617 800 cum
635 769 716 799 nec
728 752 893 800 divitias
906 753 1083 800 Polonae
1097 756 1229 801 Cere-

230 821 289 868 ris
313 820 601 876 consumere,
633 835 713 866 nec
735 818 953 866 conficere
980 819 1121 873 viros,
1149 835 1231 867 nec

233 887 403 934 ferrum
421 886 601 950 fatigare
613 886 764 948 posset.
793 885 902 932 Aliis
915 885 1118 960 gentibus
1131 886 1230 948 qui-

1291 0 1317 162 ῗ

1298 192 1319 473 Ξ

1299 479 1319 687 ἓ

1296 701 1320 897 ἐ

232 954 313 1001 bus
326 953 530 999 industiia
543 968 730 1014 operum
745 963 818 998 aut
828 952 1238 998 mercimoniorum·

230 1020 519 1066 instrumenta
536 1018 636 1065 sunt
649 1034 817 1092 opum,
842 1018 969 1064 aheni
991 1021 1036 1064 ὃς
1049 1017 1112 1064 sui
1127 1034 1228 1080 por-

229 1095 300 1131 tus
315 1119 327 1137 ,
342 1101 484 1138 naves,
499 1084 764 1148 longinqua·
755 1096 962 1130 itinerum
977 1118 990 1137 ,
1006 1084 1196 1130 creditor
1210 1118 1229 1138 2

232 1150 460 1213 fidejussor
484 1185 498 1204 ,
531 1151 621 1196 huc
641 1153 685 1197 ὃς
710 1150 1139 1196 illuc·commeantes
1163 1160 1226 1196 ta-

231 1216 425 1273 bellarii,
449 1217 637 1263 demum
650 1216 852 1262 venditor
879 1219 923 1262 &
939 1227 1116 1278 emptor
1140 1221 1228 1277 (ne

229 1283 395 1345 reliqua
419 1282 803 1345 opportunitatum
830 1282 1223 1339 commemorem)

229 1351 282 1395 ad
294 1365 390 1394 rem
405 1348 642 1394 conferunt
654 1346 902 1400 necessario,
918 1363 1112 1410 quorum
1126 1363 1226 1393 cur-

229 1414 344 1461 susfi
368 1413 464 1459 casu
480 1413 691 1476 quopiam
716 1417 734 1472 ζ
748 1429 796 1458 ac
807 1412 924 1458 bello
947 1411 1223 1475 praesertim)

229 1480 513 1544 praec1datur,
527 1496 583 1524 uh
589 1479 883 1539 ιι15]ειᾶυιεηῃ
891 1477 1019 1531 anni,
1034 1477 1222 1525 aliorum

231 1546 482 1592 multorum
497 1543 778 1617 recompensa
790 1543 974 1589 stabilire
987 1543 1056 1590 δ(
1045 1560 1090 1589 m
1105 1543 1222 1589 ordi-

228 1628 335 1658 nem
356 1627 564 1672 reponeie
586 1610 660 1655 vix
681 1610 844 1671 potest,
870 1609 1011 1655 nostra
1035 1611 1166 1655 Ceres
1189 1608 1224 1655 fi

230 1677 365 1724 hodie
378 1676 603 1750 langueat,
627 1675 762 1721 altero
776 1691 890 1722 anno
902 1690 1036 1737 parvo
1049 1691 1222 1737 appam-

228 1754 278 1790 tu
301 1759 518 1796 vomens,
552 1742 715 1788 iterum
749 1753 842 1788 tota
863 1738 1020 1787 renasci
1057 1742 1220 1803 potest,

229 1826 333 1856 narn
358 1808 448 1854 sola
470 1811 582 1855 terra
620 1812 637 1870 (
653 1824 749 1871 quae
775 1808 935 1870 cuique
956 1806 1008 1852 ad
1031 1823 1220 1853 manum

226 1876 360 1932 adest)
377 1875 649 1921 instaurando
665 1890 776 1935 opus
790 1873 918 1919 habet
930 1907 943 1926 ,
959 1871 1050 1935 quo
1068 1874 1218 1922 minus

226 1940 409 2004 requirit
431 1957 483 1986 ex
497 1940 713 2002 adjunctis
726 1974 738 1994 ‚
767 1937 820 1986 eo
835 1940 959 1986 citius
976 1943 994 1999 ζ
1005 1938 1117 1985 inter
1129 1955 1218 1985 ara-

226 2018 373 2053 torem
411 2008 454 2052 &
480 2019 641 2053 terram
677 2022 838 2069 paucos
876 2004 1215 2063 contiahentes)
1267 2005 1272 2009 ’

225 2072 422 2119 habetur.

255 2140 401 2188 Non
421 2138 626 2203 producit
657 2138 789 2191 fatear
821 2137 969 2189 solum
992 2137 1219 2187 Polonum

649 2239 653 2241 Α
1042 2219 1212 2253 aroma-
