1320 2490
226 113 315 158 172
354 97 628 145 Arroni-:102
660 96 820 143 Max.
859 97 1112 145 Fnssnno

197 210 207 214 “
284 188 423 236 Ducis
456 199 531 236 aut
566 187 774 252 Principis
807 189 1033 237 liberalitas
1075 187 1212 252 pluri-

220 269 353 303 mum
375 255 616 302 avertendae
639 254 839 303 seditioni
860 256 1071 319 prodest,
1091 254 1125 301 fi
1147 253 1213 301 vi·
1288 307 1290 311 ¹

218 320 374 374 dmnt,
397 337 478 368 nec
488 320 566 368 fibi
577 321 735 377 illum,
760 338 842 369 nec
851 322 936 369 suis
948 337 1134 385 parcere.

286 388 442 434 Danda
451 404 583 452 opera
592 387 695 434 sub
684 389 866 436 initium
885 387 1133 441 seditionis,
1157 401 1214 432 ne

219 451 459 500 coalescant
490 454 692 502 seditiofi.
741 458 896 518 Separa
926 470 971 500 e1
972 470 1034 518 go
1069 451 1222 518 quoad

221 528 359 581 potes.

288 583 467 648 Magnis
492 584 722 647 propofitis
742 585 935 649 praemiis
968 584 1187 632 excitandi
1201 617 1224 638 5

220 649 297 712 qui
317 649 585 696 seditionum
598 651 795 698 auditores
815 651 934 697 ferro
955 650 1192 697 deleverint
1204 683 1218 703 ‚

222 713 295 763 sed
309 713 404 762 haec
416 727 513 762 extr
514 732 613 762 ema
624 716 724 763 sunt
735 720 780 765 ὃς
792 717 889 779 saepi
894 734 943 763 us
954 715 1113 763 illicita.

288 781 513 828 Seditione
558 783 803 866 composita
845 782 965 829 nulia
1021 779 1220 829 militaris

223 848 420 895 muneris
435 865 486 911 pi
488 851 720 913 aeroganva
742 849 1009 896 seditionum
1020 850 1217 896 austores
1274 861 1277 864 ·

226 913 456 968 donandi,
494 931 541 962 ne
565 920 732 978 praemia
758 914 901 963 abeant
924 919 967 962 in
991 916 1224 980 exemplum·
1246 975 1247 978 Ἴ

224 976 413 1027 audacia

293 1047 375 1091 Per
384 1047 516 1094 varias
527 1058 694 1094 turmas
706 1047 981 1111 dispertiendi
1005 1043 1190 1093 seditiofi
1203 1077 1221 1097 ,

221 1107 303 1157 sub
314 1111 401 1158 alio
412 1124 640 1175 praetextu.

293 1180 380 1224 Sex
403 1178 598 1242 usurpari
616 1179 757 1226 solent
775 1178 1041 1225 seditionum
1075 1192 1218 1224 reme·
1266 1183 1269 1186 ⁴

225 1241 321 1297 dia,
346 1244 596 1307 inquifitio,
612 1245 790 1299 divifio,
804 1245 1059 1297 transaffio,
1077 1243 1140 1290 vis
1153 1259 1220 1289 ar-

225 1320 371 1363 mata,
388 1311 604 1372 judicialis
618 1311 842 1376 cognitio,
867 1310 1092 1358 causarum
1105 1309 1263 1356 unde

224 1373 458 1421 nascuntur
476 1378 658 1423 amotio.
1063 1398 1066 1401 ⁴

294 1442 581 1495 Curandum,
607 1459 662 1488 ne
671 1441 872 1488 aerarium
898 1455 1142 1487 commune
1152 1438 1216 1485 se·
1258 1463 1263 1498 2

225 1503 371 1552 ditiofi
393 1507 604 1561 habeant,
643 1508 710 1553 vel
744 1506 852 1553 illud
871 1506 1073 1569 diripiant
1108 1504 1216 1549 divi·
1254 1554 1255 1557 Ἰ

227 1568 422 1634 dantque
464 1575 659 1620 concessa
701 1573 963 1646 impunitate
984 1569 1227 1632 direptori,

225 1647 303 1682 aut
313 1637 654 1714 assignandum
640 1657 685 1686 in
706 1639 944 1719 praemium
968 1633 1257 1700 aliquibuse,·

222 1699 459 1758 seditiofis,
483 1706 636 1752 veteris
652 1705 797 1751 meliti
810 1705 947 1750 causa

293 1769 373 1816 Ille
391 1771 514 1818 locus
538 1770 800 1818 obfidendus
824 1771 908 1823 est,
932 1768 1051 1815 unde
1073 1784 1228 1822 arma,
1264 1808 1267 1810 .
1319 1789 1320 1802 ¹

225 1837 450 1894 pecuniae,
463 1848 738 1884 commeatus
749 1847 951 1900 petantur
961 1852 983 1879 a
996 1834 1217 1881 seditiofis.

297 1904 540 1950 Praemium
566 1907 611 1951 δί
637 1904 871 1966 impunitas
894 1900 1094 1948 seditioso
1117 1917 1218 1963 pro-

227 1966 469 2022 mittenda,
495 1986 571 2032 qui
562 1970 756 2016 'alterius
767 1968 952 2016 seditiosi
966 1979 1095 2030 caput
1104 1978 1218 2013 attu-

227 2031 340 2079 lerit.
358 2036 420 2081 Ea
434 2036 500 2081 via
515 2037 661 2083 Sixtus
698 2039 754 2083 V.
785 2033 1019 2088 Pontifex,
1034 2016 1246 2097 proscri-
1273 2047 1276 2049 ’
1318 2047 1320 2053 ⁴

231 2108 329 2162 ptos
349 2098 394 2147 in
415 2100 535 2147 Italia
545 2101 725 2150 sustulit.
783 2140 786 2143 Δ

294 2165 519 2216 Authores
543 2167 802 2220 militarium
824 2166 1131 2219 tumultuum,
1172 2164 1220 2212 in
1263 2171 1267 2233 -J
1318 2187 1320 2198 ι

1103 2247 1215 2299 Psae‘
1239 2243 1267 2298 se*

1249 1700 1256 1735 l
