1320 2490
270 69 361 124 1⁹66*
428 74 698 123 ANDRE'AE
732 71 889 123 MAx.
925 68 1173 124 {Hanno

261 166 384 213 illam
408 166 639 230 ingentem
672 165 844 215 molem
869 167 1083 214 exercitus
1106 165 1259 212 itinere

262 232 495 286 distrahas,
511 232 657 287 laffes,
679 233 909 288 conficias,
934 233 980 280 in
990 244 1152 280 terram
1163 246 1256 277 non

264 296 527 361 frugiferam
540 298 781 353 eliciendo,
794 301 838 346 te
847 299 1053 363 sequendi
1067 297 1260 345 occasio-

264 379 373 409 nem
383 364 469 410 dat·
472 380 586 418 irus,
599 365 629 411 fi
643 365 883 429 praesertim
895 382 982 440 prae
993 377 1037 411 te
1049 364 1113 411 fei
1115 382 1132 410 s
1144 363 1259 409 illius

264 439 430 476 terram
441 442 484 476 te
496 431 775 486 invasurum
792 432 972 478 interim
991 432 1103 478 dum
1124 428 1258 476 hostis

264 494 479 543 incautius
489 497 582 565 agit
596 497 642 544 in
655 498 807 544 itinere
819 508 862 544 te
882 497 1142 561 sequendo,
1178 494 1256 541 ob·

265 560 449 609 servabis
474 554 718 611 occasiones
741 575 791 610 ut
813 563 1047 627 insperatus
1058 561 1230 609 advoles
1246 594 1259 615 ,

266 638 523 675 extremum
535 646 698 694 agmen
708 641 781 676 aut
791 629 942 676 latera
931 629 1142 675 incautius
1154 643 1261 674 eun-

268 692 386 739 tium
400 696 642 757 carpendo,
669 712 813 759 eoque
837 696 975 770 magis
998 693 1260 741 metueberis

266 761 522 834 oppressum
544 779 600 808 ex
618 760 832 825 insperato
853 762 1055 814 veniens,
1082 760 1158 840 qui
1183 776 1264 822 op-

266 825 401 899 primi
425 844 566 890 nuper
577 827 815 875 metuebas.
854 827 1039 874 Occasio
1049 823 1154 890 vero
1166 825 1263 889 plus

268 891 315 936 in
336 891 486 939 bello
478 909 627 953 Juvare
646 894 756 940 solet
776 891 915 958 quam
929 894 993 940 vii
986 890 1096 946 tus,
1122 891 1263 938 oblata

269 956 370 1002 casu
388 959 611 1006 flectendo
625 960 677 1006 ad
690 959 1025 1006 con11lium.Si
1046 956 1151 1004 vero
1168 973 1265 1004 non¹

268 1020 474 1085 sequatur
485 1036 529 1071 te
541 1025 704 1072 hostis?
728 1026 884 1089 procul
906 1025 1041 1071 dubio
1063 1024 1130 1069 vel
1146 1024 1260 1070 fidu-

269 1089 336 1134 cia
346 1088 523 1137 suarum
535 1091 723 1144 virium,
746 1092 814 1137 vel
826 1102 889 1137 tui
901 1101 1161 1153 contemptu
1184 1105 1261 1135 ne·-

271 1154 510 1219 gligentius
522 1169 644 1221 aget,
667 1169 716 1203 tu
740 1156 920 1203 interim
944 1157 1021 1220 qui
1048 1168 1132 1202 tres
1154 1170 1260 1219 qua-

271 1232 430 1268 tuorve
451 1223 539 1270 dies
565 1223 867 1285 consumpsisti
889 1221 1006 1269 lente
1028 1221 1256 1268 absceden-

270 1286 354 1340 do,
380 1305 517 1335 unam
538 1289 657 1336 diem
670 1289 833 1336 curfim
858 1288 1115 1335 revertendo
1137 1287 1259 1333 adhi-

267 1350 346 1407 be,
367 1353 634 1416 insperatum
658 1373 706 1402 ac
726 1356 946 1418 palantem
969 1355 1259 1417 oppressurus.

336 1419 591 1483 Aliquando
610 1420 750 1483 specie
761 1420 997 1482 paciscendi
1008 1420 1160 1466 distine
1170 1418 1261 1463 bel-

269 1484 396 1539 lum,
410 1487 552 1533 donec
562 1499 636 1533 tua
646 1487 803 1533 auxilia
815 1485 1142 1537 contrahantur,
1157 1483 1266 1530 mi'ss·

266 1550 418 1598 surus
407 1553 584 1599 mterim
599 1554 809 1607 nuncios,
822 1564 872 1598 ut
881 1551 1026 1613 potius
1038 1549 1297 1638 speculem·

265 1627 342 1664 tur
354 1617 540 1672 hostica,
565 1619 831 1682 pofitionem
856 1619 1118 1670 castrorum,
1142 1616 1260 1662 ordi-

266 1699 403 1739 nem,
414 1685 626 1750 vigilias,
654 1697 738 1732 tum
763 1686 899 1732 omnia
925 1686 967 1730 in
990 1681 1108 1747 ipsius
1137 1686 1264 1729 Ducis

263 1750 397 1813 fronte
408 1752 566 1815 legant,
590 1752 820 1806 animum,
834 1749 1139 1822 prudentiam,
1162 1764 1260 1811 per·
1296 1794 1298 1796 ,

265 1815 805 1881 spicacitatem,impetune
817 1835 870 1864 an
882 1814 1112 1879 prudentia
1123 1816 1259 1861 duca-

265 1894 366 1939 tur,
402 1885 683 1947 exploraturi.
720 1882 825 1931 Imo
854 1888 926 1946 (ut
945 1882 1095 1929 omnia
1129 1897 1258 1943 expe-

268 1950 423 2009 diam)
444 1963 667 2025 aegrotum
678 1962 723 1997 te
734 1953 911 1996 Ducem
924 1948 1108 2003 fimula,
1128 1959 1179 1996 ut
1190 1964 1258 1993 re-

266 2017 438 2063 miffius
461 2033 604 2080 eoque
637 2016 849 2063 incautius
874 2015 1006 2062 hostis
1028 2026 1150 2080 agat,
1185 2024 1263 2061 aut

265 2082 539 2129 difficultates
550 2082 629 2129 t1bi
639 2083 801 2147 aliquas
813 2083 951 2129 adesse
970 2082 1061 2144 aje,
1077 2081 1148 2129 sed
1161 2080 1263 2143 quis‘

271 2148 461 2200 calamus
472 2148 569 2201 satis
581 2150 733 2200 omnia
743 2148 1004 2214 perscribat?
1019 2148 1186 2199 Nullo'
1175 2146 1259 2211 1gi-

1188 2224 1263 2262 Ul?
