1320 2490
235 85 297 143 84
379 85 652 130 ANDREAE
687 85 1137 131 ΜΑΧ.Ρ11Ε1)110

230 169 299 216 dia
310 169 569 215 tumultuari
582 170 786 232 cepissent
798 204 811 224 ‚
838 170 1148 217 dissimulando
1158 185 1230 216 ve-

229 235 297 281 lut
320 233 485 280 nescius
498 268 514 288 ³
536 250 616 296 pro
638 236 851 282 concione
873 248 971 283 ante
981 236 1230 283 tabernacu-

230 300 331 346 lum
344 299 533 347 inermes
547 301 742 346 evocavit
756 335 768 354 ,
793 302 882 348 aliis
894 301 1101 348 omnibus
1123 317 1230 364 prae-

229 364 427 419 monitis,
443 377 493 412 ut
503 382 607 413 cum
620 366 751 414 armis
763 367 950 414 adeffent
961 367 1054 414 hos
1076 383 1132 413 ue
1159 384 1233 415 co-

229 432 339 478 ron&
357 431 609 495 cingerent·
639 433 846 495 Exposita
866 384 1136 495 turpitudine
1158 434 1234 480 de-

229 497 322 544 listi
337 496 458 544 velut
470 499 774 545 moderaturus
786 515 932 561 poenae
943 499 1155 562 rigorem,
1160 500 1231 545 de-

231 564 396 609 cimare
432 566 451 625 (
462 562 611 622 sorte)
648 563 700 610 ad
711 563 978 637 supplicium
988 563 1130 610 sontes
1139 564 1232 627 jus·

230 629 285 677 fit
293 665 322 704 ,·
332 640 383 676 ut
391 629 577 676 trecenti
589 627 614 677 ὲ
635 629 768 676 ternis
787 629 1004 677 millibus
993 646 1038 676 m
1049 645 1239 692 poenam

229 695 380 759 capitis
394 694 667 760 legerentur,
691 706 793 742 tum
817 695 1155 759 illachrymante
1165 706 1236 742 to·

229 773 280 809 to
292 761 487 809 exercitu
504 759 558 808 ad
567 774 751 826 poenam
763 772 1007 815 tantorum,
1023 761 1144 841 quafi
1157 761 1236 808 ali-

228 827 346 902 quid
362 827 409 874 in
420 827 606 892 gratiam
631 827 840 874 omnium
853 825 1077 882 fadi-urus,
1100 825 1126 874 ὲ
1147 839 1236 874 tre-

229 892 367 942 centis
381 927 396 947 ,
433 893 613 957 triginta
634 893 751 940 viros
776 893 943 940 iterum
962 892 1078 940 sorte
1097 893 1238 958 legit,
1286 904 1290 907 ‘

229 956 460 1006 verumne
473 958 548 1006 hic
559 958 743 1024 quidem
753 958 978 1022 judicium
989 959 1117 1013 stetit,
1130 975 1240 1006 nam
1291 980 1294 983 ·

230 1024 598 1073 intercedentibus
633 1041 691 1072 ex
724 1024 973 1087 compofito
1017 1024 1238 1088 primariis

230 1090 607 1139 belliadministris
620 1125 635 1145 ,
661 1090 983 1154 humiliterque
1005 1092 1236 1154 deprecan-
1286 1086 1294 1122 7

230 1156 344 1204 tibus
361 1191 373 1211 ‚
400 1173 493 1204 non
513 1156 745 1222 denegavit
766 1157 876 1221 quin
889 1157 944 1204 ad
962 1168 1048 1204 tres
1058 1155 1238 1204 tantum
1284 1209 1291 1218 ,

231 1239 366 1286 poena
376 1223 669 1287 redigeretur,
695 1235 841 1270 metus
863 1222 916 1269 ad
929 1239 1104 1270 omnes.
1176 1238 1239 1270 110

231 1290 279 1336 in
293 1289 412 1335 facto
426 1289 649 1338 miraberis
664 1289 897 1352 disciplinae
909 1289 1106 1353 rigorem
1118 1324 1130 1343 ,
1145 1289 1238 1335 lau-

233 1355 351 1402 dabis
376 1357 568 1402 modum
593 1390 606 1409 ,
636 1372 728 1402 non
749 1354 1016 1419 improbabis
1041 1356 1239 1403 clemen-

233 1422 342 1469 tiam
355 1455 370 1477 ,
392 1433 460 1469 ter
473 1421 599 1470 mille
609 1422 655 1471 in
666 1437 850 1486 poenam
861 1422 1002 1470 vocati
1015 1456 1032 1479 ‚
1057 1433 1124 1470 ter
1141 1434 1238 1471 tan·

232 1486 337 1537 tum
350 1488 585 1543 mulctati,
593 1506 750 1537 omnes
762 1489 905 1553 puniti
918 1524 930 1544 ‚
942 1489 1066 1553 pauci
1079 1492 1210 1552 poen-li
1222 1522 1237 1545 ,
1290 1507 1293 1510 >
1311 1527 1313 1531 ,

234 1571 391 1602 omnes
409 1555 564 1619 aequali
576 1566 768 1610 terrore,
795 1555 1092 1603 dubitantibus
1106 1557 1149 1603 ὃς
1164 1571 1237 1617 pa·
1284 1556 1288 1610 J

236 1621 434 1668 ventibus
461 1621 667 1688 fingulis,
696 1638 752 1668 ne
774 1622 827 1669 ad
848 1621 891 1668 se
910 1621 1001 1669 sors
1025 1622 1241 1668 deermet
1285 1669 1291 1689 Ξ

236 1705 346 1736 cum
359 1687 695 1735 decimarentur.
713 1689 784 1735 Sic
797 1686 888 1734 fere
904 1688 1143 1735 Gustavus·
1133 1721 1145 1742 ‚
1164 1703 1236 1733 ve-
1283 1731 1285 1733 ,
1308 1743 1310 1746 y

236 1771 344 1802 rum
359 1771 442 1819 ego
453 1755 505 1801 ad
517 1755 732 1819 antiquos.
761 1752 886 1802 Cum
899 1753 1016 1801 bello
1037 1754 1292 1801 Tarenti-1
1307 1751 1309 1755 ’

239 1837 300 1867 110
321 1821 489 1884 aliquot
502 1821 639 1868 millia
662 1822 938 1884 captivorum
958 1818 983 1868 ἐ
1002 1823 1247 1885 juventute·
1313 1880 1320 1886 Α

238 1886 480 1935 Romana
463 1906 486 1934 a
506 1887 678 1950 Pyirho
703 1891 832 1953 Rege
855 1888 974 1934 ultro
991 1878 1118 1935 miffa
1142 1889 1238 1932 Ro·
1288 1885 1294 1925 '.
1319 1900 1320 1909 ¹

239 1953 361 1999 mani
384 1955 651 2017 recepissent,
665 1955 856 2001 decrevit
877 1953 1045 2000 senatus
1071 1953 1117 1998 in
1140 1968 1238 2014 poe-

239 2035 345 2066 nam
384 2024 402 2081 (
415 2020 564 2083 quod
553 2037 598 2066 in
611 2031 732 2067 tanto
747 2036 934 2069 numero
949 2020 1068 2083 capi,
1102 2033 1242 2081 quam

238 2082 282 2131 fe
304 2096 377 2132 aut
399 2086 557 2134 fortius
582 2085 898 2135 defendeieaut
919 2085 1151 2162 gloriosius
1164 2100 1239 2131 oc·

240 2151 450 2201 cumbere
471 2153 721 2201 maluissent
742 2154 761 2213 )
798 2166 849 2203 111
870 2170 925 2202 ex
944 2154 995 2203 iis
1020 2169 1098 2220 qui
1123 2167 1241 2213 equo
1286 2156 1288 2158 ’

1139 2232 1234 2265 me·

1284 0 1295 150 Ξ
