1320 2490
237 121 480 166 SCRIPT.
518 117 922 164 FRAGMENTA.
980 133 1063 180 131

78 217 208 254 rum,
230 215 305 248 aut
325 201 452 248 omni
463 201 543 247 alia
565 217 621 247 ex
634 201 766 247 causa.

4 305 10 314 .
145 270 254 313 Νοιι
279 266 521 314 immisceat
541 267 584 312 se
608 267 770 318 rebus,
807 283 912 328 quas
931 267 1067 314 alium

82 337 101 393 (
115 331 250 394 quam
272 333 410 397 sperat
431 334 449 391 )
501 332 716 420 habituras
739 332 949 378 effectum
969 350 1066 397 per·

18 428 21 438 ι
79 411 215 444 novit.

143 466 228 510 Pro
270 463 394 512 nullo
428 465 690 517 intercedat,
727 479 871 526 neque
893 462 1070 525 objiciat

0 529 7 578 Ξ
78 528 201 576 suam
216 531 527 577 authoritatem
538 528 735 593 periculo
745 529 940 590 repulsae.

145 598 354 643 Laetante
355 596 558 658 Principe
578 606 653 641 aut
673 595 851 640 dolente
872 594 991 640 idem
1006 594 1070 641 fa-

0 692 4 699 ·
79 660 188 713 ciet,
213 674 285 706 aut
300 662 500 725 lugubria
510 672 634 725 aget,
648 660 776 706 autin
790 660 892 706 laetis
904 661 1064 707 trium-

0 735 5 778 ξ
76 695 588 801 phuin‚nequefi1mptui
599 737 742 788 parcat
751 726 896 788 quoad
907 727 1060 787 potest.

143 793 271 872 Qia
283 793 447 857 legatus
480 794 572 854 ejus
595 791 825 854 personam
859 792 1070 854 Principis

0 893 2 898 .
75 857 231 904 retinet
253 875 380 922 aquo
392 859 511 905 venit
523 892 536 911 ‚
562 859 820 922 dignitatem
829 873 1010 920 quoque
1021 874 1069 904 m

0 948 2 976 ι
77 924 374 987 congreffibus
419 923 599 985 publicis
633 937 705 970 aut
739 922 1068 971 admiffionibus

75 989 299 1043 retinebit,
323 1006 502 1036 memor
513 1002 661 1036 tamen
670 989 756 1036 suae
776 989 951 1052 privatae
972 1005 1070 1052 per-

74 1053 191 1101 sonae
205 1090 218 1108 ‚
242 1068 293 1101 ut
304 1056 443 1102 comis
457 1056 522 1102 fit.

110 1133 114 1137 ’
143 1121 382 1182 Splendore
396 1122 520 1167 omni
545 1120 705 1167 incolas
720 1119 919 1183 superare
928 1122 1067 1184 potest

75 1185 240 1250 legatus
254 1223 269 1242 ,
294 1187 540 1249 Principem
551 1200 700 1233 tamen
710 1187 882 1232 vincere
892 1186 1005 1232 nolit
1018 1221 1032 1239 ‚
1045 1184 1071 1232 ὲ

75 1267 168 1315 quo
180 1263 256 1298 aut
265 1253 318 1298 ad
330 1269 466 1316 quern
482 1253 600 1299 venit
612 1287 625 1305 ‚
650 1267 706 1298 ne
724 1267 908 1314 arguere
923 1252 1065 1299 videa·

74 1330 171 1371 tur,
196 1322 242 1365 ὃῑ
262 1335 342 1380 pro
366 1335 518 1364 amore
538 1317 744 1364 invidiam
768 1329 900 1378 paret.

142 1385 281 1430 Vestis
303 1388 347 1431 ὃς
379 1384 626 1430 urbanitatis
658 1382 810 1429 Patriae
833 1395 963 1429 tenax
986 1382 1040 1429 fit
1050 1417 1066 1436 ,

72 1458 175 1495 tum
201 1447 398 1495 maxime
422 1449 644 1513 religionis
671 1481 684 1501 ,
732 1460 784 1494 ut
829 1448 1068 1495 innotescat

78 1512 276 1574 publice,
295 1522 406 1561 ’eum
421 1515 552 1560 etiam
564 1514 770 1576 privatim
780 1514 954 1560 bonum
965 1515 1066 1567 effe,

76 1578 174 1640 plus
219 1581 339 1626 enim
386 1579 663 1626 aestimabitur
707 1579 869 1645 legatus
884 1613 897 1632 ,
942 1579 1065 1642 quafi

77 1643 229 1689 omnia
241 1660 348 1690 cum
358 1646 457 1691 Deo
469 1662 614 1708 agens.

144 1711 254 1755 Non
267 1709 369 1755 velit
380 1710 515 1755 videri
527 1710 689 1756 facetus
703 1713 748 1756 ὃς
770 1709 908 1756 dicax.

145 1776 349 1820 Omnem
362 1774 570 1820 sinistram
585 1776 845 1837 opinionem
856 1785 880 1821 a
888 1775 932 1821 se
941 1791 1065 1822 amo-

78 1852 200 1891 ven,
227 1839 415 1885 laudabit
426 1839 601 1886 modice
624 1857 690 1886 res
702 1852 892 1894 exteras,
914 1844 960 1889 &
972 1841 1066 1903 ejus

34 1936 37 1937 ν
78 1906 219 1969 gentis
244 1906 495 1951 commodis
508 1905 551 1952 se
563 1905 734 1963 favere,
755 1905 852 1953 imo
874 1907 919 1953 in
940 1905 1068 1953 omni

76 1986 124 2015 re
133 1970 330 2017 amicum
342 1971 384 2018 se
395 1972 479 2019 effe
498 1988 587 2035 prae
600 1972 644 2019 se
655 1972 790 2026 feret,
804 1972 849 2019 in
871 1989 959 2036 qua
972 1987 1066 2018 ver·

59 2034 207 2082 sarm.

145 2101 248 2148 Illos
263 2100 459 2149 maxime
472 2103 691 2150 confidera
703 2139 716 2157 ,
730 2103 807 2167 qui
819 2119 927 2150 cum
940 2103 1064 2150 Prin·

79 2166 175 2230 cipe
187 2168 493 2216 conversantur
504 2203 518 2225 ‚
533 2169 690 2234 quibus
703 2169 930 2217 virtutibus
944 2169 1060 2215 dele-

856 2236 1057 2288 &centur²
