1320 2490
214 73 453 117 Senipr.
493 72 898 117 FRAGMENTA.
968 85 1052 132 ¹⁷03

70 157 161 217 aje,
197 157 480 217 Optimatum
504 157 747 220 inquietam
781 154 1059 202 insolentiam

70 221 159 283 peti
173 255 186 274 ,
199 221 316 267 unde
339 222 460 269 causa
472 222 588 269 belli.
626 225 776 285 Qare
798 220 1061 268 severiffimfi

73 289 217 350 poena—
229 288 542 351 prohibeantur
565 287 723 334 milites
738 322 751 342 ,
789 287 955 334 colonis
988 295 1062 332 aut

73 352 289 399 arantibus
322 367 397 400 aut
416 353 726 400 seminantibus
739 387 752 407 ,
788 364 888 400 tum
900 352 1004 398 vicis
1018 353 1064 398 &

75 418 244 480 oppidis
256 420 350 468 vim
363 418 621 473 inferentes,
645 419 878 482 rapiendo,
901 418 1062 464 vastan-

78 484 136 528 do
148 520 163 538 ,
186 485 356 531 urendo
368 519 382 538 ,
405 484 476 531 sed
488 485 632 547 potius
645 485 764 530 velut
787 500 893 530 cum
905 482 989 530 suis
1003 482 1064 528 fa-.

78 549 285 597 miliarius
298 562 427 615 agant
438 585 451 604 ,
475 551 584 596 nihil
598 562 749 613 praeter
761 550 934 595 vietum
956 549 1066 611 peti-

78 616 165 660 turi
202 620 217 677 (
236 633 378 679 neque
411 616 456 662 id
477 616 698 678 superbius
712 649 726 669 ,
760 613 920 661 verum
944 613 1065 677 quod

79 681 329 743 expositum
365 681 495 728 fuerit
529 681 755 739 contenti)
790 681 917 745 figno
939 681 1077 735 dato>

79 758 129 791 ut
141 747 195 792 de
215 747 328 793 illata
341 748 497 808 injuria
507 748 559 794 ad
583 746 814 793 Fra-:festos
825 745 1041 791 deferatur
1055 778 1066 798 ,

80 827 170 857 non
192 829 266 874 per
290 813 476 876 flagitia,
502 813 574 859 sed
598 829 674 875 per
699 813 907 858 virtutem
933 810 1069 874 quaeri

79 877 157 922 fibi
170 878 368 924 vincendi
395 880 527 925 viam.
561 878 782 942 roirca
803 878 964 940 priores
988 892 1068 939 op²

80 943 344 1004 pidanorum
379 944 431 989 ad
452 956 497 990 te
522 960 628 990 voca
666 943 932 990 familiariter
961 942 1067 989 allo—

80 1020 265 1055 cuturus
275 1042 287 1061 ,
313 1021 488 1056 metum
501 1009 731 1063 (demendo
743 1044 769 1062 ,,
781 1008 919 1055 modo
934 1008 1071 1054 fidem

82 1088 188 1120 cum
203 1091 333 1137 opera
348 1075 614 1138 obstringant
630 1075 816 1137 (lytrum
828 1087 978 1120 tamen
991 1088 1070 1135 op·-

81 1138 288 1200 pidorum
302 1157 392 1186 non
403 1141 661 1187 intermittes
675 1174 689 1194 ,
701 1140 918 1187 obfidibus
934 1139 1034 1185 fidei
1047 1137 1071 1185 ὲ

83 1206 400 1267 potentioribus
455 1207 620 1252 civium
665 1207 848 1267 acceptis
862 1239 876 1258 ,
912 1205 1073 1269 cuique

82 1271 323 1317 redimendi
379 1271 622 1318 libertatem
677 1271 822 1333 potius
866 1270 1042 1317 daturus
1057 1303 1072 1324 ‚

85 1334 227 1398 quam·
235 1349 284 1384 ut
294 1338 510 1383 vastentur
522 1371 535 1390 ‚
560 1337 676 1382 unde
689 1335 861 1382 habebis
876 1352 930 1381 aes
944 1335 1070 1381 suffe-

85 1403 268 1448 &urum
290 1403 504 1464 stipendiis
517 1402 728 1448 militum.
745 1403 863 1464 Qae
877 1399 978 1446 vero
992 1400 1071 1447 sub

35 1468 38 1481 ⁵
82 1467 275 1529 praedam
290 1467 454 1513 miseris
470 1502 482 1520 ‚
497 1484 640 1530 neque
655 1467 846 1513 militem
859 1467 1073 1520 ditabunt,

85 1548 230 1594 neque
255 1533 332 1579 tibi
346 1534 440 1580 usui
451 1533 597 1579 futura
613 1568 624 1585 ‚
651 1534 1078 1596 stipendiumtamen

87 1597 263 1644 interim
299 1599 449 1645 crescit
481 1598 653 1645 aliunde
666 1633 678 1652 ‚
714 1598 1035 1661 providendum
1054 1598 1073 1654 )

88 1663 270 1710 meliora
306 1660 329 1708 ὲ
354 1676 397 1709 te
407 1662 544 1727 quam
579 1662 603 1710 a
624 1664 703 1710 suo
726 1665 925 1725 Principe
935 1662 1073 1724 spera-

87 1728 189 1775 turi.
226 1730 480 1775 Incredibile
502 1730 623 1775 dizstu
660 1728 996 1792 quantumrhaec
1029 1728 1075 1774 in

87 1794 244 1840 animis
270 1794 388 1859 vulgi
414 1795 603 1847 valeant,
640 1795 688 1840 hi
712 1794 788 1841 tibi
815 1793 959 1857 potius
982 1805 1076 1856 tam

87 1875 174 1922 prae
186 1874 310 1906 metu
321 1857 456 1922 quam
478 1876 558 1922 pro
570 1860 728 1907 virtute
741 1895 754 1914 ,
778 1859 916 1906 futuri
937 1875 1078 1924 magis

87 1923 225 1988 quam
238 1925 320 1971 suis
334 1925 589 1972 faventiores
602 1960 616 1980 ,
636 1926 738 1972 inde
760 1925 1079 1988 compendium

89 1991 257 2037 viarum
273 2026 286 2045 ‚
313 1992 415 2038 inde
427 1992 575 2038 omnia
586 1991 754 2038 hostilia
768 1991 896 2055 (quid
909 1990 1081 2037 consilii

90 2056 275 2114 interfit)
290 2056 416 2104 facile
431 2057 574 2104 disces.
592 2058 765 2104 Deinde
786 2074 889 2104 cura
901 2092 913 2112 ‚
928 2067 978 2103 ut
1000 2057 1075 2102 ali-

89 2138 228 2188 quem
241 2124 471 2173 munitum
495 2123 656 2238 lochm.
669 2140 749 2188 pro
762 2123 971 2190 fugienda
979 2121 1090 2235 {effi

623 2205 647 2250 7
1012 2204 1034 2234 e
