1320 2490
208 123 441 166 Scanr.
486 117 882 164 FRAGMENTA.
968 128 1034 179 43

0 218 9 248 t
41 203 218 258 esurus,
253 200 441 250 minime
462 201 619 266 rugosa
639 201 784 249 fronte
815 201 1038 251 dicentem

0 294 8 301 ·
41 270 212 323 audiat,
245 269 314 316 sed
337 266 530 316 modeste
564 268 612 314 in
642 269 848 316 animum
863 268 1040 317 difium

0 355 8 377 ε
43 335 270 389 demittat,
304 333 495 382 defuturi
506 334 626 381 enim
636 333 849 399 sunt,qui
858 345 934 383 aut
942 333 1039 382 sua·

0 425 6 433 -
45 401 174 448 deant
193 413 268 448 aut
287 411 571 464 praecavfflnt,
605 401 639 447 fi
651 399 766 448 male
787 400 1039 448 autsuafiffi:

0 499 6 516 2
42 479 120 513 aut
129 464 277 513 acerbe
290 467 528 530 praecawffe
538 466 784 528 periculum
793 466 859 513 fit.
883 469 946 514 At
964 466 1038 513 ille

0 547 8 575 3
44 531 219 595 publice
258 533 486 596 (inquies)
509 531 732 594 loquitur?
745 531 961 578 ἔοι-13111111
972 532 1038 580 fa

0 597 8 641 i
46 598 216 645 miliare
239 597 494 644 cubiculum
512 599 559 645 &
577 597 764 659 privatus
782 607 933 643 tecum
952 595 1039 644 ser-

0 662 6 707 1
45 664 400 717 moinacceffirs,
437 661 529 727 quo
549 661 653 709 vero
672 662 870 709 audacius
889 661 1041 725 prolo-

0 756 7 762 -
45 730 221 792 quitur,
242 728 447 794 eomagis
484 733 502 790 (
514 729 639 775 crede
650 728 794 786 mihi)
831 730 900 776 est
907 744 1041 792 penes

0 821 6 829 ·
44 796 288 850 virtutem,
343 811 487 859 neque
502 794 822 858 impudentiam
839 808 948 843 voca
964 808 1042 843 aut

0 876 7 905 ε
45 859 398 914 oblocutionem,
432 877 592 907 verum
625 859 775 908 zelum
794 860 962 908 virtutis
989 864 1041 909 δε

0 953 5 960 -
47 943 250 974 amorem
260 928 370 980 veri,
392 943 499 973 cum
511 927 602 972 fine
612 925 804 989 respetstu
822 926 1044 989 praesentis

0 1019 5 1027 ·
46 1005 194 1056 granae
215 993 282 1039 vel
302 992 389 1038 odii
427 997 446 1054 (
467 992 543 1055 qui
562 991 676 1039 solus
696 992 800 1054 lapis
820 991 960 1055 lydius
979 994 1043 1040 est

0 1085 6 1092 -
48 1058 178 1103 refi'cae
205 1062 252 1105 ὅῑ
286 1059 545 1120 incorruptae
579 1058 765 1115 indolis)
802 1057 924 1122 quod
957 1073 1042 1120 pro

0 1152 3 1158 ·
49 1122 306 1170 conscientia
326 1138 468 1176 retur,
503 1123 680 1185 profert.
705 1124 1042 1185 StephanusBa⁴

0 1205 7 1237 ;
49 1187 228 1235 thoreus
249 1192 441 1254 Magnus
464 1188 536 1234 ille
557 1189 746 1235 Poloniae
767 1192 954 1253 Regum
975 1190 1043 1236 di-

0 1284 4 1291 ι
46 1270 142 1299 cere
151 1254 335 1308 solebat,
356 1255 400 1301 se
410 1255 540 1301 malle
559 1254 705 1300 audire
722 1254 871 1302 liberas
889 1256 1044 1318 populi

0 1323 5 1368 i
49 1334 175 1366 voces
186 1355 198 1375 ,
221 1321 378 1383 quibus
389 1321 435 1365 in
445 1321 618 1366 rectum
628 1319 856 1366 reducatur
867 1323 911 1367 ὃ(
923 1322 1045 1368 velut

0 1415 5 1423 -
45 1385 336 1438 informetur,
357 1384 669 1447 fialiquidinse
687 1385 797 1431 cives
816 1385 1044 1434 defiderari

0 1472 4 1496 r
45 1450 202 1503 velint,
234 1467 370 1513 quam
393 1467 564 1504 eorum,
580 1450 1047 1513 quicumfortunasua
1134 1488 1141 1490 >

0 1538 3 1565 ι
48 1531 140 1560 11011
149 1515 297 1561 secum
308 1516 610 1579 loquerentur,
623 1534 686 1579 ap
677 1516 737 1563 ud
747 1534 857 1581 quos
868 1519 1041 1580 praeser·

0 1604 3 1631 ι
47 1580 133 1627 tim
155 1583 250 1628 resti
263 1586 391 1629 vicem
406 1593 514 1628 tfnet
527 1598 631 1630 error
650 1583 743 1628 dum
757 1587 954 1646 Principh·
972 1580 1041 1640 eff,

49 1662 147 1709 quae
159 1647 389 1694 accufinda
398 1648 504 1701 fint,
525 1664 553 1692 v
555 1647 700 1694 enuste
713 1649 981 1703 excusando,
994 1654 1043 1698 ὃς

0 1712 208 1775 ·quibus
242 1712 419 1760 honesta
451 1727 582 1777 atque
625 1714 849 1763 inhonesta
879 1715 1043 1762 Princi-

0 1785 2 1819 ὲ
52 1794 190 1839 pum,
215 1777 631 1840 aequelaudaremos
642 1781 724 1833 est,
747 1780 946 1843 dumque
964 1798 1043 1829 au-

0 1868 2 1894 ι
53 1843 168 1889 ribus
178 1843 343 1904 placere
352 1843 532 1898 vellent,
552 1846 676 1892 suam
699 1845 924 1910 Regisque
934 1863 1041 1893 con-

0 1909 275 1960 {scientiam
310 1909 355 1954 in
390 1909 510 1956 devia
545 1913 590 1957 &
623 1911 847 1972 pudendos
882 1929 1046 1961 errores

0 2010 2 2016 .
57 1980 74 2034 (
88 1975 197 2021 dum
208 1975 431 2021 reticerent
442 1977 568 2034 vera)
606 1977 876 2025 deducerent.
894 1978 1041 2026 Recte}

0 2066 3 2092 ;
52 2041 124 2086 ffle
154 2039 521 2103 Imperatorum
505 2060 528 2087 a
557 2041 835 2091 famiharibus
855 2043 1044 2091 cubiculi

0 2150 2 2161 ,
55 2105 163 2153 serio
186 2107 380 2169 quotidie
399 2107 615 2171 quaerebat
634 2143 647 2162 ‚
679 2121 729 2156 ut
747 2110 972 2163 audacter,
994 2114 1042 2157 &z

0 2205 2 2224 ;
57 2173 147 2219 sine
189 2173 473 2237 depravatrice
514 2175 602 2222 veri
654 2176 1043 2224 circumlocutione

624 2244 665 2289 C
942 2257 1044 2306 pro·
