1320 2490
234 91 910 139 S*CR1PT.FRAGMENT·A.
992 111 1064 156 57'

0 233 5 239 .
80 174 254 221 veniens
266 174 683 238 Tyro‚importune
705 176 805 223 belli
821 179 998 224 Ducem
1020 195 1064 224 a·

5 245 13 252 '
77 257 182 304 gere
204 242 450 294 contendat,
464 257 691 304 nunquam
704 258 933 289 armorum
944 255 1068 290 antea

0 302 11 354 'T
76 306 318 368 prafficus,
340 306 412 352 sed
425 323 521 364 eam
545 319 692 354 tamen
705 306 797 354 vim
808 308 924 354 bona
932 309 1076 355 studia

77 371 262 417 1cientiae
275 372 460 418 bellandi
473 373 764 419 commodant
774 407 787 426 ,
813 386 864 419 ut
875 373 952 437 qui
963 375 1065 421 arti-

79 436 157 482 bus
170 438 368 499 perpoliv
368 437 448 483 erit
456 438 712 511 inger-num?
725 438 867 500 puh'a
855 440 1066 501 meapaci-

0 507 4 514 '
79 503 175 549 taxis
188 503 396 555 ruditate,
422 504 614 565 capacius
639 504 799 565 cuique
820 503 1065 566 perdiscen-

82 568 147 613 dae
161 568 221 613 rei
236 567 456 614 reddendo
493 568 690 629 (adjesta
722 568 851 631 super
874 569 970 614 haec
992 585 1067 616 va-

78 633 243 680 riarum
258 633 535 679 historiarum
546 633 735 679 leffione
745 646 875 686 ,tum
885 633 1067 681 casuum

79 699 194 761 pacis
208 701 251 745 &
265 699 368 744 belli
381 699 433 745 ab
449 699 632 760 antiquo
642 698 748 745 orbe
771 699 964 763 usquein
977 699 1068 747 hoc

78 776 254 826 tempus
268 764 448 817 notitia,
468 764 573 826 quid
595 763 752 810 alicubi
777 781 853 827 per
874 765 1071 827 pruden-

78 829 208 876 tiores
221 832 405 876 Ducum
427 827 628 892 praeclare
650 830 782 875 armis
793 832 998 893 gestum?
1023 831 1077 877 in

83 911 173 958 quo
187 931 199 948 ,
214 911 347 957 quare
360 929 373 948 ,
387 908 464 941 aut
473 895 704 957 quomodo
716 908 909 941 erratum
923 899 938 941 ?
954 913 1067 959 quo-

84 962 222 1006 modo
247 961 498 1006 correffitum
534 959 650 1017 fit?)
684 960 809 1007 citius
841 961 1067 1008 scientiam

81 1025 269 1071 bellandi
301 1024 435 1087 spatio
458 1025 612 1089 viginti
635 1037 824 1088 quatuor
843 1026 1067 1073 menfium

80 1091 127 1137 in
151 1092 290 1137 castris
314 1095 358 1137 &
381 1107 611 1137 armorum
633 1092 815 1137 tradam
848 1091 1068 1154 acquirat,

82 1156 293 1203 meliusve
309 1157 532 1218 judicium
546 1155 644 1201 beni
657 1155 769 1201 ferre
779 1154 1070 1219 poffit,qu231m

82 1223 160 1285 qui
182 1223 336 1268 decem
358 1222 480 1268 annis
516 1221 645 1284 (alias
668 1237 746 1282 per
777 1222 1073 1283 ειῃτὶςιιοωω

80 1290 252 1351 gesta&
278 1286 456 1332 honesta
475 1287 610 1332 studja
630 1285 781 1341 rudis)
818 1287 1071 1333 exercitum

78 1353 250 1399 secutus
262 1353 328 1398 fit.
338 1354 436 1416 jam
452 1352 484 1396 fi
497 1364 753 1396 veteranum
765 1351 954 1397 militem
967 1352 1062 1398 vul-

80 1419 172 1482 gari
182 1417 391 1479 opinione
401 1415 674 1478 praeferimus
687 1417 857 1478 Tyroni
879 1429 953 1462 aut
964 1419 1066 1464 No·

79 1483 202 1536 virio,
219 1483 336 1545 quafi
348 1481 423 1527 iile
445 1481 497 1527 ab
519 1493 695 1541 experta
716 1482 888 1528 dudum
913 1483 1068 1530 notitia

81 1547 239 1599 melius
263 1547 496 1594 confilium
520 1547 623 1593 belli
644 1547 758 1594 ferre
779 1548 912 1609 poffit
927 1581 940 1601 ,
989 1564 1071 1594 cur

80 1630 171 1659 non
193 1614 267 1659 ille
277 1625 503 1660 veteranus
523 1612 610 1658 fit?
644 1613 720 1675 qui
745 1625 924 1660 centum
940 1647 953 1666 ‚
991 1612 1074 1675 qui

81 1678 206 1725 mille
216 1695 434 1726 annorum
447 1695 512 1726 res
525 1691 623 1724 ante
635 1678 676 1723 se
687 1680 820 1742 gestas
832 1675 855 1722 a}
878 1677 1074 1723 lecftione

83 1745 281 1790 Historiae
305 1744 492 1799 notarit,
526 1744 759 1806 quomodo
785 1743 873 1789 hoc
896 1742 965 1788 vel
987 1743 1068 1789 illo

80 1809 420 1862 casuinstruffl,
444 1810 636 1862 dilatata,
660 1808 830 1854 denfita
844 1808 958 1854 acies
972 1842 985 1861 ,
1020 1808 1070 1854 in

82 1874 277 1927 subhdia,
291 1874 574 1927 vehtationes,
587 1875 746 1928 robur,
759 1873 913 1920 divisa.
903 1877 918 1907 ἓ
983 1890 1064 1920 uo·

83 1941 222 1988 modo
233 1951 421 2014 repasata
452 1940 675 1994 instando,
708 1939 958 2016 sequendo,
996 1954 1068 1984 ce-

85 2007 254 2059 dendo,
281 2022 366 2069 qua
377 2006 568 2068 pedester
591 2006 743 2059 miles,
769 2021 855 2069 qua
865 2004 1038 2069 gravior
1051 2039 1065 2058 ,

43 2088 172 2134 qua
184 2069 434 2118 ferentarius
447 2089 577 2135 eques
590 2072 822 2124 locandus,
848 2071 894 2117 in
906 2071 1037 2133 plano
1051 2103 1066 2122 ,

81 2137 130 2184 in
151 2138 313 2192 ardue,
347 2138 400 2186 ad
411 2137 632 2196 fluvium,
664 2137 877 2202 paludes>
903 2136 1037 2248 syeffias
1055 2168 1074 2188 9

909 2217 936 2248 v
996 2216 1067 2254 es,
