1320 2490
179 124 418 167 Scmpr.
454 121 854 169 FRAGMENTA.
932 141 1020 186 159

21 211 187 258 diofius
200 229 281 274 pro
293 229 378 258 una
390 223 508 274 parte
531 209 696 257 direch}
720 212 991 260 contenderit
1003 248 1017 267 ‚

22 276 197 323 secusve
219 279 363 331 cadat,
398 275 512 323 male
536 276 842 325 consultorum
865 295 1018 342 argua-

49 359 99 388 ur
124 377 136 396 ‚
173 347 217 390 ὃς
242 344 400 391 odium
423 342 631 406 Principis
653 359 703 390 ac
725 343 794 389 vel
818 342 1017 393 maxim&

61 408 294 455 mulorum
319 409 521 455 incurrat.

91 476 203 520 Non
228 492 375 537 quaere
403 472 610 535 Principis
633 473 839 520 intimam
861 475 1016 522 amici-

23 538 159 593 tiam,
185 540 344 586 νει-ἠΰ)
358 541 528 614 potius,
554 551 604 585 ut
625 539 764 585 abillo
777 539 1011 588 aestimeris.

92 606 313 660 Maiorem
351 605 558 668 Principis
581 605 765 683 gratiam
786 604 1017 654 demetunt

24 669 103 733 qui
116 669 326 733 generose
341 670 660 723 obsecundant,
682 687 817 733 quam
840 687 918 733 qul
907 671 1015 718 ser-

54 735 169 782 iliter
189 737 479 799 applaudunt,
504 748 556 782 ut
580 736 626 782 hi
650 736 831 799 quidem
842 735 1014 799 abjeste

23 800 242 857 humiles,
267 804 445 865 propius
469 802 556 848 fint
578 802 1015 849 confidenmmmd-

22 867 250 925 miorem,
268 868 330 914 1111
342 884 446 914 vero
462 867 852 914 considerationem
878 871 923 914 ὃς
945 884 1014 914 re-

39 933 239 994 peitum.
268 935 440 979 Praestat
451 930 554 978 vero
570 930 797 979 aestimari
782 950 805 978 a
815 932 1015 996 Principe

55 995 160 1044 uim
171 999 305 1044 amari
317 1032 329 1050 ‚
341 997 437 1043 imo
452 998 541 1044 hoc
553 997 766 1044 clientum
780 1033 791 1051 ,
810 997 916 1044 illud
929 1000 1016 1048 effi}

11 1072 296 1128 ‘magnorum
318 1063 364 1109 in
388 1063 632 1125 Republica
663 1064 829 1110 civium
856 1098 870 1117 ,
908 1077 955 1112 tu
978 1064 1015 1113 fi

21 1129 177 1176 habeas
190 1141 433 1193 utrumque
444 1164 456 1183 ,
479 1132 591 1194 jove
602 1129 794 1192 propitio
805 1142 960 1178 natum
971 1142 1016 1178 te

20 1195 226 1242 dixerim.

88 1261 132 1307 Si
155 1262 252 1324 quis
276 1277 353 1324 per
364 1260 597 1308 absentiam
621 1261 667 1307 in
689 1261 938 1324 Principem
960 1261 1012 1308 li-

19 1324 163 1373 berius
173 1327 368 1390 insurgat
379 1326 517 1373 verbis
530 1361 543 1380 ,
570 1328 701 1373 etiam
713 1328 893 1388 exjusto
904 1342 1010 1373 con-

16 1393 246 1455 querendo
257 1427 270 1446 ‚
291 1392 455 1439 subtice
475 1405 623 1438 tamen
633 1426 650 1445 ,
672 1396 719 1440 δε
731 1404 776 1437 te
787 1391 839 1437 ab
852 1409 905 1438 eo
918 1392 1010 1439 col·

19 1457 173 1519 loquio
206 1457 410 1504 subtrahe
423 1493 436 1511 ,
486 1474 689 1510 memor,
735 1458 1012 1505 damnatores

19 1522 177 1576 hosce,
193 1539 284 1569 non
297 1533 389 1569 tam
400 1523 545 1571 sensus
558 1523 657 1570 suos
669 1523 855 1587 aperire,
872 1521 1009 1587 quem

20 1587 199 1634 scrutari
210 1601 325 1634 tuos.

82 1654 156 1699 Ne
177 1653 372 1716 glorieris
395 1654 532 1727 gratia
568 1654 777 1716 Plincipis
812 1654 933 1717 quod
969 1653 1015 1700 in

0 1709 176 1783 kofflum
189 1719 299 1780 saepe
310 1720 447 1772 eadit,
473 1718 568 1765 imo
594 1719 771 1766 modice
796 1732 920 1766 tuam
932 1735 1013 1782 po-

20 1784 202 1831 tentiam
228 1784 490 1831 extenuabis.

0 1872 4 1898 ,ι
86 1853 203 1897 Cave
217 1866 272 1895 ne
283 1850 434 1912 saep1u0
447 1850 680 1897 mtercedas
703 1862 777 1897 aut
805 1863 920 1913 petas
932 1867 1013 1914 pro

0 1899 170 1979 &aliquo
182 1918 296 1978 apud
312 1917 588 1978 Principem,
606 1917 840 1963 neamittas
853 1918 1010 1963 autho-

0 1982 194 2027 ritatem
209 1983 279 2028 ὃς
264 1996 548 2058 importunus
562 1982 717 2028 v1dem
705 2000 738 2028 ιδ
752 2016 765 2035 ,
793 1983 872 2028 suo
885 1999 1009 2028 com-

0 2037 162 2092 modo
197 2047 337 2111 magis
373 2064 511 2110 quam
546 2048 754 2110 Principis
802 2046 1011 2112 obsequio

21 2113 210 2158 studens.

93 2181 357 2239 Opportuna
371 2177 476 2224 h01a
501 2178 746 2245 Principem
758 2180 852 2233 adi,
881 2179 1014 2224 neine

25 2254 272 2308 terrumpas
281 2243 513 2292 secretum.
561 2251 564 2254 ’
914 2246 1015 2291 Fer=
