1320 2490
161 0 227 19 ζ.»

200 145 442 189 Senum
479 138 878 187 FRAGMENTA.
949 138 1032 199 183

73 234 239 281 'tabunt
249 235 403 280 nostrae
415 267 428 286 ‚
453 231 572 296 quafi
585 246 662 294 per
674 240 872 277 naturam
884 246 1035 280 rerum

60 317 104 347 1c
114 299 410 346 ordinantibus
423 299 520 346 fatis
536 331 549 352 ,
562 308 614 344 ut
628 296 744 343 haud
755 296 878 343 aliter
888 296 1034 343 neces-

62 382 142 412 um
164 365 240 418 fit,
265 362 402 428 quam
425 377 477 411 ut
500 380 587 411 una
607 374 706 409 aetas
720 397 732 416 ,
754 360 858 408 licet
876 362 1036 425 paffim

73 431 268 477 raeclaros
291 432 338 478 in
352 429 596 493 Repubh'ca
614 427 726 475 ferat
747 427 861 474 viros
875 461 888 481 ,
914 426 1036 474 sum-

95 513 228 544 orum
238 508 385 543 tamen
398 495 664 546 nominum,
687 493 764 540 vix
784 509 929 540 unum
953 493 1051 539 du--

78 561 154 608 sve
165 564 402 625 producat,
426 561 503 624 qui
512 560 706 622 reliquos
743 557 1039 620 (authoritate

74 628 268 685 raeituri)
303 628 355 674 ad
375 625 674 691 mpeffendam
690 620 1038 686 Rempublicam

69 704 302 748 moveant,
337 707 535 756 quorum
580 689 834 737 authoritati
876 705 1036 736 omnes

99 760 309 813 ncedant,
344 762 392 806 ὃς
426 772 600 822 magnae
632 766 783 802 totum
815 755 1041 802 confidant

78 824 214 872 irtuti.
232 825 278 871 Si
289 824 412 871 enim
422 824 581 887 paffim
596 856 611 876 ,
634 821 668 871 fi
682 837 839 870 omnes
860 819 1037 884 aequali-

0 928 2 932 ,
62 905 109 938 er
133 890 178 937 se
200 906 388 955 magnos
410 888 634 935 venditent
657 891 673 933 ?
708 887 816 951 quid
849 886 930 934 nifi
951 903 1036 950 pro

80 956 197 1020 quali
208 954 515 1020 magnitudine
526 953 747 1000 aemulatio
760 957 776 999 ?
801 969 883 1015 pro
895 951 1036 999 diver-

77 1032 163 1068 tate
173 1032 472 1083 conceptuum
485 1018 692 1065 dissensus
709 1052 721 1072 ‚
743 1035 825 1082 pro
837 1018 1039 1065 diffiden-

65 1087 76 1096 ”
116 1087 270 1134 faffio?
283 1103 338 1133 ex
348 1085 574 1132 collifione
586 1084 843 1131 animorum
855 1095 1038 1131 conten-

66 1152 108 1198 ὀ
122 1187 136 1206 ,
160 1169 242 1215 pro
255 1152 409 1216 aequali
421 1151 615 1214 potentia
624 1151 821 1197 oriantur
830 1161 981 1197 motus
992 1152 1039 1197 δί

95 1218 197 1265 rbae.
223 1219 390 1282 Qoad
404 1216 550 1280 usque
586 1221 604 1278 (
621 1233 676 1262 ex
698 1215 906 1263 sententia
930 1216 1039 1262 tanti

63 1283 261 1346 criptoris
283 1285 303 1342 )
352 1283 531 1331 Catonis
555 1285 600 1329 &
627 1281 803 1329 Caesaris
826 1281 1036 1335 nomina,

42 1350 211 1396 Romae
233 1349 467 1396 summum
480 1347 702 1394 emicuere
723 1381 737 1400 ,
774 1363 911 1410 quam
937 1347 1038 1408 pul-

71 1414 154 1462 hro
166 1416 307 1461 dustu
318 1414 573 1460 volvebatur
585 1412 660 1458 ille
685 1428 872 1476 magnus
894 1412 1037 1473 impe-

44 1480 95 1527 rii
118 1480 266 1527 orbis?
301 1481 535 1542 postquam
569 1476 674 1523 vero
707 1477 881 1524 acceffit
915 1478 1039 1524 tertia

0 1583 5 1599 ‚
45 1546 249 1608 Pompeji
274 1545 490 1607 (paritatis
514 1542 926 1608 impatiensinJuh'o
939 1546 1038 1590 Cae-

0 1614 7 1659 ἰ
46 1610 170 1666 fine)
195 1611 390 1658 nominis
414 1625 610 1673 opumve
629 1609 920 1672 magnitud03
945 1620 1040 1655 orta

46 1676 251 1739 primum
262 1675 660 1728 aemulatione,dein
671 1674 869 1728 dflsensu,
877 1673 1044 1730 Vrbem,

0 1786 2 1791 ,
48 1743 223 1789 Italiam
239 1772 252 1795 ,
261 1753 400 1804 gentes
411 1775 425 1793 ,
440 1743 634 1793 nationes,
650 1751 776 1787 totum
787 1739 954 1804 denique
964 1755 1043 1804 qua

0 1832 1 1836 =
71 1806 203 1855 uteba:
236 1809 455 1870 imperium
480 1839 494 1860 ,
535 1804 710 1868 quodam
742 1805 850 1869 quafi
889 1804 1043 1854 diluvia

143 1874 462 1932 inflammatione
496 1872 696 1935 corripuit.
732 1873 800 1916 Ut
831 1870 904 1917 illa
939 1870 1040 1933 pul-

0 1961 10 1990 ῃ
46 1938 266 1985 cherrima
277 1936 550 2000 Reipublicae
563 1952 797 2000 compages
810 1970 824 1990 ‚
841 1937 1039 1983 duorum

0 2028 3 2055 ³
46 2004 307 2066 'Principum
339 2002 563 2049 collifione
596 2002 908 2049 diffolveretur.
948 2004 1036 2047 Ve-

45 2066 156 2116 ntum
169 2070 222 2115 ad
233 2084 330 2115 rem
342 2081 546 2114 revertor.
583 2071 682 2116 Nec
693 2068 776 2114 effe
786 2102 802 2122 ,
827 2083 909 2116 nec
920 2068 1042 2129 poffe

0 2181 2 2188 ,
48 2133 203 2184 haberi
218 2134 372 2181 eadem
385 2146 508 2181 aetate
518 2135 571 2180 ad
581 2133 875 2181 stabiliendam
899 2136 1041 2180 Rem·

0 2248 3 2254 .
51 2199 273 2264 publicam
288 2235 302 2256 ‚
326 2201 580 2266 nifipaucos
602 2201 714 2250 cives
724 2198 912 2249 summae
936 2214 1049 2271 cum

961 2279 1048 2311 vn·-
