1320 2490
235 67 477 113 Senum.
517 66 920 112 FRAGMENTA.
1055 82 1089 127 7-

95 167 206 213 opus
218 149 418 197 turbetur
429 185 443 203 ,
469 161 519 196 ut
530 151 607 197 vix
619 152 802 212 reparari
812 151 944 214 possit
956 185 969 205 ‚
994 150 1086 213 ipsa

95 217 172 262 fibi
186 216 231 262 in
243 221 478 278 reparando
502 215 734 262 subtilitate
756 218 961 264 obstante.
1005 217 1087 263 Illa

95 280 201 327 vero
215 298 313 344 quae
336 281 415 328 sub
427 281 617 328 craffiori
640 282 802 329 malleo
823 282 1085 337 nascuntur,

96 364 190 393 non
206 347 438 394 subtilitate
448 347 631 410 quidem
646 381 658 401 ‚
681 347 753 395 sed
776 349 1086 396 accommoda-

95 413 197 459 tiori
229 412 312 459 ufii
345 417 391 460 &
425 413 685 459 certitudine
718 414 1089 461 commendantur

97 479 223 525 nobis
237 513 250 532 ,
265 479 507 525 difficiliora
530 478 748 525 destrud‘tu
763 514 776 534 ‚
804 479 996 525 faciliora
1017 496 1085 525 re-

95 557 273 607 paratu,
299 544 359 590 fic
370 542 462 590 fere
477 543 644 592 facilius
668 544 1015 607 Rempublicam
1038 545 1085 590 in

97 610 257 656 melius
279 611 502 657 reduxeris
516 644 530 664 ,
561 627 659 673 quae
680 612 820 675 magis
843 610 1083 672 simplicio-

98 691 195 721 rem
207 688 281 722 aut
292 676 530 738 practicam
541 677 593 721 ad
604 676 803 739 regulam
828 676 1089 738 composita,

98 741 288 804 illa,quae
300 740 595 802 subtiliorem(
599 742 718 787 velut
730 741 1086 799 harmoniarum)

96 807 454 853 concordantiam
476 841 500 860 ,.
525 806 866 868 speculationem
891 841 905 860 ‚
939 822 1091 854 arcana

99 872 279 926 habeat,
304 874 455 918 omnia
479 872 660 935 quidem
681 872 890 935 pulchra,
926 870 1089 920 verum

97 938 266 984 subtilia
277 939 484 984 contestu
496 973 510 991 ,
535 937 725 984 difficilia
736 939 936 984 reductu.
973 941 1087 985 Non

98 1003 397 1066 infrequenter
407 1004 562 1050 itidem
575 1020 659 1065 pro
673 1016 825 1050 natura
834 1004 907 1049 sua
918 1004 1085 1067 fimpli-

97 1070 137 1115 ci
151 1106 167 1124 ,
189 1070 285 1115 haec
312 1072 454 1115 nostra
477 1068 740 1131 Respublica
760 1070 898 1132 igneis
922 1069 1090 1116 subtili-

97 1135 255 1181 tatibus
304 1151 528 1181 novorum
569 1133 858 1180 Politicorum
892 1135 1060 1181 turbata
1074 1168 1101 1188 ,Α

98 1200 240 1247 verius
253 1197 390 1263 quam
403 1201 574 1246 firmata
585 1234 610 1253 ,,
625 1216 764 1262 quam
786 1216 877 1246 non
890 1200 954 1246 isti
965 1200 1088 1247 scioli

97 1266 145 1312 in
166 1267 345 1312 testum
365 1267 576 1312 reducant
597 1299 612 1318 ,
640 1263 801 1311 verum
824 1266 888 1311 illi
910 1267 1057 1329 potius
1072 1300 1085 1319 ,

97 1332 173 1396 qui
199 1331 472 1393 simplicioris
495 1334 540 1377 ὃς
564 1330 734 1387 candidi
756 1332 944 1393 pectoris
959 1366 978 1386 ,
1010 1332 1088 1395 qui

96 1398 216 1443 resta
229 1400 273 1444 &
288 1399 434 1459 aperta
445 1408 768 1459 praeceptorum
780 1397 990 1444 incedunt
1002 1398 1086 1452 via,

98 1463 244 1509 fide&
267 1478 420 1508 amore
440 1463 488 1508 in
513 1462 867 1525 Rempublicam
885 1464 1086 1510 incorru-

95 1528 186 1591 pti,
200 1527 384 1574 suorum
397 1540 635 1582 amatore5‚
659 1526 940 1575 exoticorum
964 1530 1087 1576 incu-

95 1594 225 1647 riofi,
239 1593 401 1640 scilicet
412 1607 462 1641 ut
472 1595 668 1641 detrasto
680 1594 787 1640 fuco
800 1593 966 1656 ,juste,
980 1594 1088 1641 fim-

96 1660 293 1724 pliciter,
317 1664 361 1706 &
375 1677 432 1707 ex
444 1660 606 1706 virtute
624 1671 775 1706 totum
787 1673 979 1725 regatur,
988 1676 1089 1724 aga-

97 1738 196 1780 tux-3
212 1724 375 1771 Nescio
387 1724 568 1782 νεώρη
579 1743 671 1772 non
683 1725 781 1788 plus
794 1726 951 1773 noxios
962 1726 1085 1773 bono

95 1791 278 1854 publico
289 1791 512 1845 censeam,
539 1792 616 1855 qui
639 1789 841 1838 multum
864 1792 941 1838 de
928 1808 1089 1841 incon-

94 1857 282 1903 fiderato
293 1857 455 1903 habent
470 1857 595 1910 zelo,
620 1873 784 1919 parum
803 1858 858 1903 de
879 1859 1088 1920 redtoju-

96 1922 239 1975 dicio,
251 1923 318 1976 iis,
333 1923 410 1986 qui
425 1926 470 1970 δ’,
496 1892 699 1969 malitiosi
727 1922 845 1996 ipsi,
871 1927 918 1971 ὅτ.
942 1923 1087 1977 studio

99 1988 224 2035 bonis
237 1988 432 2042 obstant5
472 1992 567 2036 Hos
590 1989 712 2035 enim
724 1989 789 2035 uti
800 1987 946 2063 aperte
960 1989 1086 2035 mali·

99 2053 231 2100 tiosos
244 2052 370 2101 facile
384 2054 612 2119 agnoscas,
619 2055 780 2101 statim
783 2056 920 2101 etiam
926 2070 1091 2108 cavens,

95 2119 186 2176 illi,
211 2136 303 2186 quo
325 2122 468 2187 magis
490 2120 673 2187 speciosi
693 2134 874 2172 conatus
895 2120 1094 2186 imagine

622 2189 670 2237 A
705 2203 730 2249 7
1021 2201 1104 2252 τες
