1320 2490
179 88 420 133 ScnxpT.
459 86 890 132 FRAGMENTA..
933 101 1020 147 1425

105 171 365 217 Permissum
377 169 553 234 legans
580 183 631 216 ut
645 170 770 216 domi
787 169 878 216 suae
895 169 1025 232 juxta

40 233 119 282 suae
128 237 269 300 gentis
281 236 420 282 ritum
432 235 545 283 sacra
557 247 797 283 exerceant.

86 304 204 348 Cum
216 300 358 348 ᾗὲὶε“
337 317 382 349 οῖ
403 301 697 349 fraudulenter
711 301 840 365 legati
853 300 1028 348 hostiles

41 365 148 429 saefe
162 384 189 413 v
193 368 361 421 eniam,
373 367 547 415 facietis
560 368 636 431 qui
649 368 804 420 aditur,
816 378 871 414 ut
880 366 967 413 cito
982 370 1030 415 δί

44 434 376 497 quamprimum
397 434 531 480 auditi
544 433 854 496 expediantur,
877 434 1036 495 adjun-

43 501 121 546 &is
144 502 220 563 qui
244 517 321 564 per
342 499 530 563 speciem
554 499 786 546 securitatis
800 515 873 544 eos
894 499 1030 544 dedu-

42 579 164 620 cant,
188 567 366 613 interim
390 565 585 612 censores
611 565 738 619 fint,
766 576 817 611 ut
835 564 962 610 dolus
987 567 1034 612 ὃς

43 633 189 679 omnis
204 632 469 679 machinatio
482 643 687 678 arceatur.

109 701 451 762 Nonnunquam
467 699 576 744 dum
590 697 773 744 veniunt
786 696 914 759 legati
926 731 939 750 ,
954 713 1036 742 no·

41 765 135 811 strae
147 762 250 811 vero
262 781 328 812 res
338 766 557 826 imparatae
580 763 705 816 sunt,
732 764 777 809 in
800 763 951 808 itinere
961 762 1038 808 ali-

44 847 137 893 quo
151 831 335 877 honesto
346 842 558 893 praetextu
597 834 615 892 (
630 829 698 876 vel
722 829 925 892 requietis
938 844 1040 874 cau-

40 895 122 953 sa)
159 897 388 943 retinendi.

113 964 359 1009 Mittuntur
380 962 509 1026 legati
532 961 642 1023 saepe
662 977 770 1008 cum
793 960 867 1024 spe
897 960 1038 1021 pacis,

47 1039 99 1075 ut
110 1028 322 1075 incautius
335 1028 475 1075 hostes
499 1029 801 1090 opprimantur
812 1038 886 1073 aut
895 1027 1040 1072 distra-

41 1094 233 1148 hantur,
259 1093 359 1141 ideo
373 1111 464 1141 non
477 1092 602 1140 facile
641 1098 659 1156 (
672 1093 702 1139 fi
715 1094 768 1140 ad
781 1104 824 1139 te
834 1092 1009 1138 veniant
1022 1091 1043 1149 )

51 1161 335 1207 credendum.

114 1228 278 1273 Stando
291 1226 435 1288 potius
449 1226 578 1290 legati
588 1223 814 1277 audiendi,
840 1232 891 1269 ut
899 1221 1046 1268 neces·

47 1291 218 1338 fitatem
241 1292 376 1338 standi
389 1291 592 1353 Princeps
604 1290 797 1351 ingerat,
823 1288 922 1334 nefi
935 1303 1044 1334 con-

27 1368 29 1383 ³
46 1357 226 1410 sederit,
252 1357 417 1421 legatus
425 1372 609 1418 quoque
620 1354 766 1400 sedere
778 1365 977 1418 cogatur.

114 1422 317 1483 Princeps
332 1438 409 1484 qur
399 1421 639 1483 praesentit
648 1419 871 1484 legatum,
895 1417 1047 1465 acerba

48 1487 128 1533 fibi
152 1488 353 1534 mandata
374 1487 596 1539 laturum,
632 1498 707 1531 aut
726 1502 914 1532 omnmo
938 1500 1047 1530 eum

52 1569 145 1599 non
157 1553 382 1606 admittat,
408 1565 483 1599 aut
501 1564 773 1614 praemoneat
797 1562 848 1597 ut
868 1549 1049 1596 mollius

51 1630 150 1681 agat
164 1651 176 1671 ,
202 1634 258 1662 ne
268 1618 344 1663 fibi
358 1618 513 1664 itidem
523 1619 576 1663 fit
586 1618 806 1664 neceffitas
821 1650 834 1669 ‚
859 1614 1051 1662 acerbius

52 1683 397 1746 respondendi&
412 1684 583 1746 agendi.

120 1752 248 1795 Dum
281 1748 518 1794 audiuntur
544 1748 738 1794 hostium
766 1747 921 1812 legati,
959 1759 1062 1793 non

55 1815 260 1862 suaserim
278 1826 324 1859 ut
336 1830 493 1860 omnes
506 1814 694 1867 audiant,
709 1831 765 1860 ne
778 1814 810 1860 fi
828 1814 967 1860 minas
979 1823 1054 1858 aut

57 1881 224 1944 aliquid
238 1879 322 1926 tale
335 1879 475 1926 ferant
488 1915 500 1934 ‚
524 1879 787 1926 circumfusa
809 1877 1054 1926 multitudo

26 1952 29 1953 ⁷
56 1959 267 1995 terreatur
280 1949 323 1992 &
341 1958 532 2000 metuat,
560 1946 629 1992 vel
642 1944 859 2009 fipublice
872 1944 1057 1991 audiun-

58 2024 157 2066 tur,
180 2029 337 2059 rumor
359 2012 414 2059 de
437 2012 639 2059 industria
653 2024 727 2059 aut
747 2027 959 2059 murmur
981 2025 1060 2073 per

25 2078 29 2112 ‘-
61 2078 313 2125 substitutos
336 2079 382 2125 in
405 2095 501 2125 fflrn
521 2095 619 2125 rem
640 2079 910 2131 excitandus,
924 2093 981 2123 ne
1005 2075 1061 2123 ab

66 2145 276 2194 omnibus
298 2144 438 2194 oratio
458 2145 656 2193 audiatur
678 2166 692 2201 3
726 2145 847 2193 idem
871 2142 1060 2192 sentien-

554 2213 599 2259 G
635 2227 670 2273 4
948 2208 1066 2255 duna
