1320 2490
228 105 470 149 Senum.
503 102 908 156 ,FRAGMExTss
972 116 1091 162 237.

71 187 117 233 ni
132 187 271 233 hostes
283 187 417 233 effent
428 187 701 233 Polonorum
715 219 728 238 ,
743 183 853 231 cum
865 184 1069 232 nonnulli

71 254 239 298 civium
253 252 490 298 infastinati
527 256 544 312 (
560 251 731 298 mirum
756 251 900 298 dicere
925 250 1067 298 fucata

71 319 200 364 Sueci
214 319 351 382 Regis
365 318 514 381 gratia,
528 317 574 363 in
587 317 926 364 admirationem
939 330 1067 363 novae

73 400 276 446 purpurae
288 384 581 430 concefferant
605 389 620 444 (
635 383 667 428 fi
682 383 801 429 enim
815 399 921 430 cum
932 383 1063 430 Polo-
1083 377 1235 439 Discre-

37 447 39 449 ’
72 450 139 496 nis
154 450 333 497 mollius
344 449 579 514 agas‚nulla
590 449 828 507 humanior
838 449 1064 513 gens,nul-
1084 431 1230 522 ‘ciffi-

75 515 115 561 la
130 516 269 578 magis
282 516 620 577 discreta‚e0que
629 513 708 560 sub
718 525 932 576 praetextu
944 515 977 561 fi
990 531 1060 561 ve·
1084 534 1171 574 1513,
1183 564 1200 584 ‚

72 596 176 626 rum
203 582 347 627 dicere
359 581 460 628 licet
471 615 485 635 ,
512 579 733 627 Polonum
757 580 908 626 fraude
921 580 1064 626 invol-
1085 586 1210 636 agnita

73 661 143 692 vas
157 681 169 699 ‚
195 647 306 693 dum
317 647 416 694 sunt
424 644 566 694 amice
582 645 746 693 creduli
760 644 988 693 &incaute
1002 644 1067 693 ef·
1087 643 1116 678 P
1119 638 1232 696 ⁰²⁰⁷'0T

71 711 156 757 fufi
171 747 184 767 ,
196 729 276 775 pro
287 712 360 760 sua
372 713 640 778 ingenuitate
651 727 877 774 quemque
886 712 1071 759 metien-

31 778 33 783 ’
69 788 133 823 tec
158 778 180 842 )
229 779 288 825 fic
312 796 418 844 ergo
442 779 576 842 aliqui
599 778 876 825 Polonorum
900 778 1071 840 decepti

74 860 165 890 non
181 844 285 890 vieti
298 880 312 899 ,
338 845 495 909 viginti
508 860 585 907 per
596 844 684 890 dies
695 843 920 891 scenicum
932 844 1066 892 mira-

71 907 228 955 bantur
240 911 505 973 Principem.
525 911 628 974 Jam
641 910 823 972 inquam
841 910 972 956 amici
986 927 1069 958 no-

71 973 138 1021 bis
150 988 224 1021 aut
238 978 386 1039 Reges
399 988 472 1022 aut
483 976 704 1038 Principes
716 1009 729 1029 ‚
759 991 839 1037 pro
864 974 1070 1023 insolenti

72 1041 199 1087 Sueci
213 1042 349 1106 Regis
362 1042 540 1092 fortuna
551 1076 564 1095 ‚
587 1041 655 1087 vel
676 1039 701 1087 a
724 1053 877 1105 negata
890 1041 1070 1089 Polonis

73 1122 159 1168 ope
171 1140 184 1159 ‚
209 1108 394 1171 gratiam
407 1108 585 1154 victoris
596 1108 918 1170 aucupabantur
931 1140 944 1161 ,
966 1105 1068 1154 imo

74 1189 166 1218 non
187 1173 382 1219 annuisse
403 1173 450 1219 in
472 1173 696 1220 excidium
720 1173 870 1219 vicinae
894 1173 1035 1236 gentis
1050 1206 1066 1227 ,

72 1236 238 1284 offendi
250 1241 442 1285 Suecum
454 1237 552 1285 ideo
566 1239 791 1285 timebant.
810 1242 961 1301 Atque
971 1255 1068 1287 tam

72 1302 332 1350 deformiter
346 1304 569 1365 jacentem
592 1304 824 1350 Poloniam
845 1304 943 1367 quis
969 1316 1065 1351 tan-

74 1368 177 1414 dem
190 1367 509 1415 sublevaturam
523 1381 650 1431 caput
662 1369 858 1430 speraffet
871 1390 884 1423 3
903 1368 1065 1417 verum

73 1450 129 1480 en
154 1433 266 1479 dum
289 1433 422 1479 hostis
436 1435 482 1479 in
495 1436 609 1480 vasto
624 1435 955 1480 Provinciarum
967 1452 1065 1481 cor-

73 1514 181 1560 pore
192 1533 204 1552 ,
219 1515 310 1545 non
322 1498 417 1545 satis
430 1498 524 1546 tute
541 1500 708 1563 singula
720 1499 943 1546 observare
956 1535 968 1554 ,
983 1517 1065 1548 nec

73 1565 126 1612 ad
140 1563 339 1626 quosque
350 1564 529 1627 sparsim
541 1577 764 1611 manentes
790 1567 901 1612 cives
925 1578 1063 1612 atten-

76 1629 176 1674 dere
186 1630 348 1690 poffet,
375 1646 530 1676 omnes
544 1629 649 1676 vero
671 1630 867 1677 irritaret.
892 1632 1067 1677 Invenit

74 1695 254 1740 tandem
273 1693 467 1755 auspiciis
481 1695 749 1741 Serenisfimi
772 1695 911 1759 Regis
934 1696 1069 1742 nostn‘

77 1757 257 1822 Jomm's
271 1758 464 1821 Cafimiri
479 1794 495 1813 ,
529 1772 630 1805 tum
650 1760 901 1822 aliquorum
915 1761 1067 1808 corda·

75 1827 242 1882 tiorum
266 1824 431 1870 civium
443 1825 602 1871 virtute
626 1826 876 1890 studioque,
892 1826 1069 1875 fortuna

77 1890 243 1938 Polona
263 1891 379 1937 viam
406 1910 417 1944 3
466 1890 534 1936 sed
558 1890 653 1936 haec
672 1892 816 1953 potius
840 1893 893 1938 ad
914 1895 1068 1939 Deum

1088 702 1169 747 Υᾳω
1186 704 1245 740 τις

1088 751 1161 794 2162

0 2009 3 2018 ,
77 1955 307 2002 authorem
325 1991 337 2009 ,
355 1959 398 2002 &
413 1956 605 2020 Virginis
617 1958 771 2005 Matris
783 1958 868 2004 Dei
880 1959 1067 2022 gratiam

0 2024 1 2064 ἶ
78 2020 300 2067 referenda
350 2022 475 2085 Qid
505 2039 705 2086 unquam
727 2040 994 2088 magnorum
1018 2042 1066 2071 m

0 2098 3 2119 ⁵
79 2086 185 2132 orbe
199 2120 211 2139 ,
239 2099 313 2132 aut
334 2088 549 2148 repentius
562 2088 716 2135 cecidit
727 2127 744 2146 ,
768 2102 840 2135 aut
852 2090 1067 2154 affingere

76 2152 204 2215 caepit
227 2166 346 2201 extra
368 2152 490 2217 spem
515 2153 764 2267 resssrgendi
789 2155 953 2204 facilius
978 2190 991 2209 ‚
1017 2167 1067 2265 uit

649 2238 674 2267 2
1050 2237 1067 2266 ι
