1320 2490
282 85 371 143 156
408 83 685 127 ANDREAE
719 83 877 128 MAx.
916 83 1170 131 FREDRo

340 172 534 217 Dolente
546 172 746 236 Principe
755 186 829 221 aut
839 176 985 221 arnico
998 209 1012 230 ,
1037 175 1238 224 dolorem
1251 208 1282 232 r·
1298 201 1300 203 >

273 240 318 284 &
340 237 512 283 laetante
534 238 727 286 laetitiam
752 240 988 288 simulabis.
1268 256 1288 315 '5

313 303 535 350 ··Confilia
548 304 600 350 da
613 305 803 369 Principi
819 341 831 359 ,
857 305 930 353 sed
954 307 1013 354 ita
1037 323 1094 353 ne
1115 306 1300 371 docere}

264 367 476 424 videaris,
499 385 556 415 ne
578 386 788 426 monere,
817 389 872 419 ne
882 372 1008 435 supra
1019 373 1301 436 Principem&

272 433 417 496 sapere
430 469 441 488 ,
468 451 612 499 neque
623 448 674 483 ut
684 433 708 482 a
719 448 763 483 te
773 438 950 485 inventa
959 438 1031 485 sed
1043 438 1097 485 ab
1106 438 1189 486 alio
1203 429 1298 511 ‹za-{3³5

264 499 450 548 clamo&
473 517 549 548 ore
560 514 731 565 accepta
751 520 964 568 propone.
1005 502 1291 552 Suadentemst

273 565 492 628 Principes
514 569 697 615 audiunt
719 604 732 623 ,
768 582 1006 634 cogentem
1026 571 1246 633 repellunt
1298 567 1305 581 ³

273 633 403 685 orari,
419 649 509 679 non
521 634 622 698 cogi
634 634 792 682 volunt
804 671 816 690 ‚
829 636 993 683 suaderi
1007 669 1021 691 ‚
1037 652 1128 683 non
1139 637 1218 683 rati

271 713 329 752 ne
340 714 470 745 Vlncl.

338 764 432 811 Etfi
445 765 634 829 Principi
643 764 800 814 intime
815 766 1037 816 familiaris
1049 768 1102 815 fis
1116 803 1129 823 ,
1157 784 1251 816 nun
1311 791 1313 815 2

271 846 408 893 quam
434 831 606 878 cultum
628 834 720 896 ejus
745 833 1004 882 obliviscaris
1029 869 1042 888 ,
1066 833 1173 882 licet
1195 834 1270 880 ali-
1301 835 1314 894 ἐξ

271 896 447 958 quando
473 899 679 961 privatim
704 900 912 947 honorari
940 901 1109 956 nolint,
1137 900 1272 949 nescis
1302 907 1313 941 ²3

272 962 393 1008 enim
409 965 585 1026 quando
600 965 837 1013 succrescet
847 966 1021 1014 offensa.
1277 967 1286 1018 ζ’

335 1028 426 1074 Etfi
461 1031 657 1078 minister
696 1032 749 1078 fit
782 1032 970 1079 summae
1006 1032 1283 1082 dexteritatis
1308 1033 1315 1074 '2

273 1095 543 1157 agendarum
556 1097 608 1143 ad
633 1098 842 1160 Principis
864 1110 1064 1145 mentem
1088 1115 1238 1145 rerum
1254 1133 1315 1158 2..-·

273 1161 409 1207 valeat
426 1172 576 1209 tamen
589 1164 641 1209 ad
653 1163 956 1225 possidendam
970 1165 1044 1211 diu
1059 1164 1270 1227 Principis

270 1227 454 1289 gratiam
469 1240 519 1274 ut
532 1225 554 1274 ὲ
567 1229 830 1291 quibusdam
850 1231 1068 1294 obsequiis
1083 1230 1302 1299 honestosss·

269 1305 486 1353 praetextu
500 1294 545 1340 se
556 1295 761 1341 nonnihil
773 1296 1019 1350 subtrahat,
1044 1294 1141 1342 imo
1167 1312 1269 1343 mo·
1292 1312 1320 1362 ¹1}

269 1355 385 1403 deste
398 1359 443 1404 in
455 1371 624 1421 partem
637 1361 680 1406 se
700 1362 887 1408 declinet
921 1366 940 1423 ζ
952 1362 1108 1425 procul
1118 1373 1273 1408 tamen
1318 1365 1320 1407 i

269 1420 624 1487 subterfugientis
637 1423 659 1470 a
684 1426 852 1488 specie)
889 1440 1048 1488 partim
1063 1439 1113 1472 ut
1125 1429 1267 1488 majus

271 1488 534 1536 defiderium
550 1492 910 1553 promptitudinis
934 1492 1020 1538 suae
1048 1492 1269 1555 ingeratur

270 1554 487 1616 Principi,
514 1557 754 1617 praesertim
781 1558 813 1604 si
837 1558 910 1603 isse
930 1559 975 1603 in
988 1557 1093 1603 alios
1120 1557 1267 1603 minus

267 1617 449 1667 idoneos
464 1622 683 1669 ministros
700 1623 890 1669 incurrat
905 1658 918 1677 ‚
942 1624 1102 1685 partim
1116 1639 1172 1668 ne
1191 1622 1276 1683 ali-5
1291 1653 1296 1659 -

265 1687 444 1746 quando
467 1689 635 1734 eveniat
674 1694 690 1750 (
716 1689 780 1735 uti
806 1689 960 1752 saepius
987 1689 1163 1735 fortuna
1184 1704 1266 1751 pro

264 1749 443 1802 libidine
454 1753 528 1800 sua
541 1755 680 1819 magis
694 1752 830 1818 quam
845 1772 900 1801 ex
913 1772 1016 1801 vero
1030 1772 1095 1801 res
1107 1753 1239 1818 agitat
1253 1788 1266 1808 ,

267 1833 349 1863 nec
362 1821 542 1880 optimis
568 1821 755 1868 consiliis
768 1833 868 1868 tum
883 1821 1038 1868 mediis
1052 1832 1126 1867 aut
1137 1836 1267 1868 cona-
1307 1863 1315 1870 .

266 1882 381 1930 tibus
402 1885 616 1933 succeffus
643 1887 900 1951 respondere
923 1887 1096 1949 semper
1116 1886 1271 1944 amat).
1291 1892 1293 1896 ’

266 1960 318 1995 ut
329 1952 449 2012 quod
476 1953 591 2000 mala
615 1953 793 2001 fortun-21
819 1953 988 2000 fastum
1004 1954 1088 2007 est,
1114 1952 1165 1999 ad
1189 1968 1267 1998 ne-

260 2014 521 2079 gligentiam
545 2020 728 2066 ministri
752 2019 962 2067 referatur
982 2055 994 2073 ‚
1027 2020 1145 2066 unde
1172 2018 1267 2080 opi·
1315 2039 1317 2043 ¹

263 2080 448 2128 nionem
469 2088 667 2147 prompti
679 2086 837 2133 servitii
850 2091 895 2135 ἃ
908 2085 1140 2133 sedulitatis
1154 2084 1270 2148 apud

264 2146 512 2212 Principem
559 2152 755 2200 minister
809 2153 1006 2207 amittat,
1041 2150 1174 2199 fimul
1222 2154 1268 2198 &

1163 2232 1259 2283 gra-
