1320 2490
218 122 319 170 '166
354 119 636 166 ANDREAE
673 119 831 164 MAx.
869 119 1114 166 FREnRo

211 202 445 254 seditiones
470 204 517 248 &
537 200 794 248 diffident-ias
817 202 1210 250 mutuasinserant.
1240 255 1241 258 Ἰ
1286 187 1289 226 Ῐ

283 269 395 314 Non
406 266 551 313 statim
571 267 814 321 adverseris,
827 265 925 313 imo
938 268 1055 330 quafi
1073 270 1214 331 justos

216 343 369 380 motus
389 332 585 395 appella,
611 331 686 379 sed
713 333 907 379 modum
931 333 1184 381 habendum
1198 369 1216 390 ,

215 397 431 446 nonnulla
441 398 561 446 enim
575 398 836 472 quiescendo
847 396 1062 446 sanantur.

282 463 380 527 Qi
400 463 502 512 sunt
520 465 658 530 vulgo
681 465 819 530 grati,
849 465 901 511 in
924 464 1212 528 compofitio-
1318 476 1320 498 2

144 602 148 605 Ι
215 545 324 578 nem
348 528 598 577 adhibendi.

282 595 659 642 Tumultuantem
684 595 1060 643 multitudinem
1042 595 1142 642 nno
1165 595 1213 645 in
1239 605 1250 637 δ
1282 609 1288 614 ·

213 675 268 724 pr
269 659 398 708 aesens
410 659 660 715 furentem,
681 677 773 709 non
785 662 866 708 alia
874 677 922 707 re
934 660 1103 708 facilius
1118 661 1211 708 elu-

213 727 316 781 das,
338 742 475 790 quam
486 725 627 789 specie
645 727 913 774 traCtatuum
932 727 1049 789 pacis
1072 730 1118 774 ὃ(
1138 725 1215 790 spe

213 791 443 839 obtinendi
456 792 581 856 quod
603 793 713 856 petit
726 792 909 840 faciliter
928 793 1112 855 injecta:
1136 795 1213 842 In-
1282 817 1286 821 -

132 856 138 871 “’
211 858 363 912 terim,
384 873 494 905 cum
518 858 625 905 hinc
657 869 734 906 aut
763 859 888 905 issinc
911 859 1146 922 quomodo
1167 858 1213 905 id

212 923 320 970 fiat?
345 923 630 979 deliberatur,
656 922 759 971 scite
782 925 1104 987 protrahendo,
1140 940 1213 970 va-

211 988 276 1036 ria
287 988 501 1036 caufimdo
514 1024 528 1044 ,
549 990 599 1037 -in
619 990 800 1038 alteram
815 990 936 1038 diem
947 990 1211 1037 transferen-
1286 1041 1289 1050 ¹

212 1055 303 1111 do,
324 1055 451 1103 furor
461 1056 639 1103 interim
654 1057 808 1120 populi
823 1056 1061 1111 evanescit,
1076 1055 1214 1120 &qui

210 1120 362 1168 timeri
374 1134 474 1168 ante
484 1121 724 1177 debebant,
741 1123 830 1181 iam
839 1122 918 1185 ipfi
929 1122 1104 1169 timent.

282 1186 490 1252 Religio,
498 1189 842 1251 jusjurandum,
853 1188 1097 1235 obedientia
1108 1186 1210 1235 sub·

209 1250 439 1308 (litorum,
462 1254 572 1301 salus
582 1255 735 1318 populi
762 1258 840 1316 (ne
851 1252 959 1301 curn
972 1254 1133 1319 singuli
1145 1253 1211 1300 di·

211 1318 465 1366 strahuntur
485 1337 643 1367 omnes
667 1320 932 1377 concidant)
956 1335 1210 1382 proponen-

212 1383 290 1436 da,
304 1398 600 1431 communem
611 1387 696 1432 esse
706 1386 926 1439 Patriam,
942 1389 1210 1434 &commu·
1259 1386 1281 1427 Ἀ]

160 1443 167 1448 ”
212 1464 273 1494 ne
295 1446 506 1495 &diffidio
519 1451 704 1496 malum,
1258 1488 1266 1505 2

279 1516 362 1559 Per
392 1515 583 1576 speciem
618 1514 800 1561 honoris
834 1525 909 1560 aut
944 1513 1175 1578 legationis
1191 1547 1206 1568 ‚
1252 1521 1262 1564 ἶ

209 1580 446 1626 amovendi
467 1580 568 1628 sunt
591 1582 739 1627 Duces
761 1579 1027 1626 seditionum
1051 1589 1126 1625 aut
1137 1577 1207 1626 su·
1248 1579 1272 1603 '⁴
1315 1587 1320 1600 ⁴

216 1645 247 1692 s
268 1645 366 1692 effi
1272 1683 1274 1686 .

235 1661 264 1708 p
282 1713 364 1757 Per
383 1726 542 1758 uxores
568 1713 613 1758 ὃ(
637 1711 778 1765 filios,
824 1710 967 1759 multa
987 1719 1213 1758 tentantur
1240 1701 1265 1723 ⁴

211 1777 327 1838 apud
340 1776 559 1824 seditiosos
570 1779 784 1824 auctores.

278 1844 390 1888 Non
413 1842 458 1888 in
480 1844 633 1905 populi
644 1844 878 1890 utilitatem
917 1853 1067 1889 motus
1091 1841 1208 1888 exci-
1263 1861 1266 1867 ·

211 1908 317 1959 tari,
330 1907 427 1953 sed
417 1925 462 1953 m
474 1909 700 1956 ambitum
706 1925 865 1956 eorum
877 1908 953 1972 qui
965 1908 1204 1961 irritarunt,
1246 1915 1249 1938 ³

211 1972 408 2035 periculo
433 1985 507 2019 aut
528 1975 688 2021 invidia
719 1974 920 2038 plurium
953 1974 1082 2021 unius
1117 1975 1206 2019 stu-
1250 1971 1252 2010 ἶ

129 2076 132 2079 .
212 2037 340 2084 dium
354 2041 632 2100 promoveri,
645 2039 1206 2103 doceprimosillosincen-

213 2113 331 2150 tores
355 2105 569 2165 imperare
587 2107 725 2164 velle,
749 2105 1001 2156 commodis
1012 2105 1096 2153 suis
1108 2120 1203 2151 non

215 2170 370 2231 populi
382 2170 561 2218 studere.
1256 2222 1265 2234 ,.

1069 2235 1203 2300 Capi·
1253 2249 1266 2304 ³2³
