1320 2490
253 91 344 148 164
379 87 657 133 ANDREAE
692 85 1136 131 MAx.FREnn0
1247 78 1281 103 ²¹

247 197 392 244 neque
405 178 592 241 publicis
605 176 775 224 tributis
787 176 906 239 plebs
919 189 1125 241 gravetur
1136 212 1149 231 ,
1163 174 1253 223 ve-³

245 246 350 292 rum
365 255 536 306 partem
546 243 687 290 oneris
698 243 778 289 suo
790 255 1006 304 proventu
1016 244 1129 289 levet
1142 246 1248 290 No-

249 311 540 373 bilitas‚prout
551 309 692 373 magis
703 309 756 354 ad
770 309 1116 370 Rempublicam
1131 310 1166 370 ej
1175 307 1242 355 us-

247 393 339 441 que
351 376 592 422 commoda
613 374 825 438 pertinet,
847 375 943 436 plus
967 374 1076 420 item
1099 373 1242 422 oneris

247 443 364 489 circa
375 441 559 488 tutelam
572 441 717 487 sumat
727 475 740 493 ,
769 456 913 503 neque
925 440 1128 502 privatim
1141 442 1242 487 No-

249 508 389 555 bilitas
399 507 540 570 gravis
566 507 619 553 fit
631 506 798 552 infimae
813 510 858 554 &
871 506 1092 552 rusticanae
1103 505 1244 568 plebi,

250 591 309 621 ne
331 584 515 636 cogatur
539 571 834 634 patrocinium
871 572 998 618 unius
1034 587 1242 635 quaerere.

319 637 584 685 Cavendum
616 636 800 683 subinde
833 636 1019 683 severius
1032 671 1045 690 ,
1081 653 1138 683 ne
1171 654 1226 699 pe

251 704 441 770 privatos
486 702 602 748 cives
636 713 888 749 exerceatur
919 703 1050 750 armis
1084 703 1249 766 agraria

250 770 373 835 plebs
383 803 399 823 ‚
412 785 468 815 ne
479 785 526 815 ea
535 783 765 814 armorum
779 769 1099 816 commoditate
1109 767 1254 815 infun,

251 847 330 902 gat
353 845 504 882 contra
517 834 768 888 Dominos,
792 845 865 880 aut
888 835 935 881 in
957 846 1094 898 partes
1119 834 1226 881 uniu

252 900 511 964 potentioris
537 903 582 947 &
593 900 790 947 audaculi
802 900 967 948 secedat
977 898 1218 964 periculose
1234 934 1248 955 ,

254 966 491 1031 praesertim
505 966 538 1013 fi
550 967 808 1031 suggeratur
818 966 910 1029 spes
923 967 1143 1014 libertatis.

322 1032 395 1080 Ab
405 1032 600 1095 eaplebis
625 1032 853 1079 insolentia
880 1037 899 1094 (
914 1033 982 1079 vel
993 1033 1133 1079 obiter
1145 1031 1247 1096 sug-

250 1097 523 1164 gerendum)
538 1099 818 1145 Kosacorum
830 1101 1081 1146 nostrorum
1093 1110 1229 1162 poten

254 1166 367 1211 tiam
389 1164 552 1211 cautius
577 1166 661 1212 effe
685 1164 932 1212 habendam
953 1200 967 1220 ‚
1015 1182 1071 1211 ne
1093 1163 1251 1211 crescat

254 1230 424 1278 infimae
456 1230 592 1294 plebis
614 1242 767 1278 contra
798 1233 974 1295 Regem
1012 1233 1058 1278 &
1090 1232 1249 1277 statum

254 1298 501 1360 equestrem
516 1297 734 1358 potentia,
759 1296 832 1344 sed
856 1297 903 1344 in
924 1314 972 1343 ea
984 1297 1080 1343 loca
1091 1296 1259 1358 paffimss
1283 1339 1285 1342 Α

253 1363 529 1408 deducantur
541 1360 565 1407 ὲ
582 1363 849 1409 fidelioribus
861 1363 1034 1426 populis
1050 1367 1068 1423 (
1074 1365 1245 1408 Roma-

256 1443 327 1474 nae
336 1425 576 1490 praesertim
599 1427 702 1474 fidei
717 1428 993 1485 cultoribus)
1016 1427 1245 1481 Coloniae3
1281 1455 1284 1476 ;

256 1493 319 1539 fic
344 1493 521 1555 antiqua
545 1495 724 1546 Roma,
746 1493 867 1538 nulla
892 1509 939 1538 re
959 1493 1180 1554 potentius
1205 1491 1251 1536 in
1266 1511 1284 1549 f,

257 1558 495 1621 obsequio,
520 1570 593 1604 aut
606 1557 1029 1620 novitersubjee‘cos,
1056 1569 1129 1603 aut
1149 1555 1283 1618 infi-,fffij

259 1625 339 1671 dos
363 1624 442 1670 fibi
466 1624 653 1686 populos
679 1624 882 1676 retinuit,
910 1621 1047 1686 quam
1066 1621 1234 1687 similitu

257 1691 352 1736 dine
375 1706 528 1737 morum
562 1698 619 1741 (9-
646 1690 871 1752 Religionis
905 1705 1042 1752 quam
1062 1686 1255 1735 obtinui'
1281 1737 1283 1746 ,

259 1754 284 1802 ὲ
296 1756 385 1802 sola
394 1755 686 1803 Coloniarum
699 1755 963 1802 dedudfione
973 1790 986 1810 ,
1010 1772 1154 1818 neque
1164 1753 1221 1800 sci

259 1822 392 1869 aliam
413 1822 697 1868 Rufficarum
711 1822 939 1868 turbarum
961 1837 1079 1868 nunc
1089 1820 1238 1867 subeff

258 1888 433 1934 causam
447 1922 460 1942 ,
484 1885 621 1951 quarn
637 1888 759 1951 quod
780 1904 935 1934 omnes
946 1885 1232 1950 computandi
1281 1893 1283 1898 '

261 1953 314 1999 ab
326 1970 377 2000 eo
390 1954 556 2016 populo
577 1953 859 2016 proventibus
872 1953 1124 2000 incubarent
1137 1988 1149 2006 ,
1176 1968 1205 1998 n

263 2035 345 2065 mo
379 2020 642 2082 propagandi
678 2019 896 2066 Catholici
933 2020 1041 2066 ritus
1077 2018 1235 2065 habere

257 2099 440 2137 curam,
475 2096 525 2130 ut
547 2085 599 2130 ab
632 2103 678 2131 ea
702 2085 985 2132 multitudine
1019 2089 1064 2132 δε
1088 2084 1227 2131 union
1282 2095 1283 2098 ’

261 2149 502 2204 schismatis
517 2184 530 2204 ‚
544 2150 707 2199 facilius
721 2152 766 2198 in
780 2168 871 2199 non
886 2151 1158 2199 diffentiente
1172 2166 1224 2260 pl

1146 2231 1206 2279 pu

1300 200 1320 824 ρἀ-Ἇζὶι-ΩΞΒΞΞΞᾯὮ

1303 925 1320 1154 Ω-Ξ-<Ὂ
