1320 2490
178 116 421 160 Seium.
460 111 865 159 FRAGMENTA.
959 127 1028 174 59

33 196 207 244 hostem
242 197 425 244 confilio
471 198 727 250 decernere,
753 196 1026 244 velitatorem

32 262 173 327 magis
199 260 336 326 quam
348 265 527 309 Ducem
539 262 648 326 parti
660 264 873 309 exercitus
899 277 1022 309 com-

28 326 286 374 modissime
302 362 313 382 ,
339 344 420 375 nec
442 340 591 374 tamen
602 328 686 374 toti
697 328 905 374 exercitui
915 344 1025 390 prae·

28 392 272 440 ficiendum
284 428 297 447 ‚
323 394 536 440 vicarium
549 396 593 440 &
605 393 774 439 socium
788 393 917 447 belli,
933 410 1024 440 non

29 470 179 508 tamen
204 458 438 506 summum
458 475 691 505 armorum
716 457 984 504 Praefectum
1007 493 1022 512 ,

27 521 191 570 verum
216 541 272 571 ne
295 524 560 587 importunis
583 524 826 576 immorer,
851 523 1022 584 planius

27 589 268 636 edifferam.
294 589 545 653 Qomodo
570 587 773 650 Princeps
795 587 903 642 belli
923 591 1021 634 Du-

27 667 130 700 cem
143 660 337 718 quaerat?
364 653 815 717 &exjustoinveniat.
844 655 1020 715 Opero—

24 717 128 766 sum
141 721 326 784 quidem
336 720 535 773 inuenit,
558 718 630 765 sed
654 734 753 781 quae
774 734 877 765 cura
899 719 1020 765 bono

25 784 220 849 Principi
232 821 246 841 ‚
259 804 342 850 pro
355 786 495 852 gloria
508 788 553 834 &
564 784 810 848 integritate
831 783 897 833 sui
916 783 1016 832 suo·

0 906 1 921 χ
23 864 223 915 rumque
231 854 389 917 gravis.

0 959 3 988 ᾗ
91 917 297 964 Accedat
318 917 426 966 adse
450 917 654 980 Princeps
666 913 853 980 &quavis
866 914 1018 980 Regni
1046 921 1127 974 Q·

0 992 7 1026 u
23 979 90 1028 fixi
103 983 358 1038 Provincia,
385 1000 496 1047 quos
521 982 610 1029 fide
633 985 840 1030 &rerum
858 981 1017 1044 majori
1045 975 1141 1013 medo

0 1047 244 1113 ssinvulgus
268 1050 423 1096 notitia
445 1048 644 1096 clariores
667 1059 814 1112 putat,
829 1047 1020 1094 secretis·
1043 1028 1142 1117 3351?
1137 1079 1190 1117 le-

4 1128 79 1160 -ve
101 1112 293 1176 inquirat
315 1115 370 1162 de
380 1115 430 1162 iis
442 1131 553 1178 quos
565 1115 750 1168 virtute,
763 1113 992 1176 prudentia
1005 1147 1018 1167 ,
1037 1131 1192 1182 genam

0 1194 6 1222 v1
26 1188 128 1225 tum
154 1180 328 1227 scientia
351 1180 538 1227 bellandi
561 1180 675 1243 apud
696 1179 888 1243 sevulgo
903 1180 1014 1225 cele-

3 1246 6 1287 ἒ
25 1243 233 1293 bratiores
294 1246 493 1292 habeant.
553 1248 625 1291 De
670 1260 865 1307 quorum
909 1243 1015 1290 vero

0 1326 5 1353 ε
19 1310 278 1357 nominibus
291 1311 505 1373 acceperit
517 1345 529 1364 ,
543 1308 791 1356 memoriali
803 1318 982 1355 annotet
998 1343 1015 1362 ,

0 1384 124 1421 :tum
136 1375 300 1422 collatis
313 1375 494 1421 infimul
517 1374 851 1421 celebratiorum
865 1376 1014 1420 nomi-

21 1440 150 1486 nibus
166 1474 179 1492 ,
205 1452 421 1487 convocet
445 1457 600 1486 omnes
623 1440 813 1502 pulchro
826 1452 1019 1502 praetex-

18 1515 67 1550 tu
82 1505 134 1550 ad
146 1505 288 1552 aulam
304 1540 316 1558 ,
343 1506 578 1552 confilium
590 1505 646 1551 de
654 1505 830 1551 summa
840 1505 947 1550 belli
967 1508 1013 1552 &

11 1570 238 1631 judicium
260 1571 524 1617 dexteritatis
546 1571 591 1617 in
615 1571 838 1633 praesentia
871 1569 1012 1616 fastu-

21 1651 121 1687 rus,
148 1635 254 1698 quid
279 1636 491 1699 cujusque
511 1636 661 1681 animo
685 1636 814 1682 infit?
850 1634 1010 1697 perspi·

20 1699 178 1746 ciendo
203 1720 216 1754 3
254 1703 298 1745 O
323 1699 462 1763 quam
483 1701 608 1747 facile
630 1701 674 1747 se
697 1700 908 1763 cujusque
931 1700 1016 1745 vir-

19 1776 91 1812 tus
118 1766 388 1813 &intimum
412 1767 563 1828 pestus
587 1766 767 1830 prodet,
793 1779 843 1812 ut
855 1764 1012 1812 melio·

19 1846 119 1876 rem
152 1833 332 1877 Ducem
366 1831 419 1877 ab
454 1831 532 1877 illo
567 1844 687 1878 coetu
703 1831 846 1896 legere
878 1830 1016 1894 possit>

0 1923 1 1926 =
20 1896 226 1959 Princeps
241 1931 253 1950 ,
268 1897 457 1959 reliquos
473 1897 717 1943 minoribus
732 1897 835 1943 belli
849 1896 1010 1943 muniis

20 1977 103 2024 pro
129 1962 290 2008 virtute
313 1962 599 2008 adhibiturus.
640 1964 748 2009 Non
773 1979 879 2027 ergo
906 1978 1012 2008 eum

21 2026 164 2090 leget,
189 2028 266 2090 qui
287 2027 535 2089 probabilia,
548 2027 620 2074 sed
644 2040 793 2074 tamen
816 2044 922 2074 cum
945 2043 1010 2072 ar-

21 2091 208 2137 dentiori
234 2093 429 2156 quodam
450 2094 620 2156 impetu
644 2093 699 2139 de
720 2093 837 2140 bello
861 2092 1011 2139 edisse-

21 2168 100 2203 ret.
140 2156 261 2224 Saepe
286 2159 407 2206 enim
430 2159 531 2206 tales
543 2158 643 2206 sunt
654 2175 735 2223 pro
746 2161 899 2207 ardore
920 2157 1012 2229 ani·-

948 2239 1013 2269 mx
