1320 2490
225 118 885 166 Scnrvr.FRAGM13NrA.
963 131 1046 175 137

50 217 143 251 mm
157 202 341 267 propere
369 203 578 250 hostilitas
603 203 883 265 expedietur,
911 198 1050 265 quam

49 271 82 316 fi
97 270 218 316 abeat
231 271 396 335 legatus
410 282 602 331 ,tempus
616 272 660 317 &
679 268 926 316 ocoefiones
948 302 962 322 ,
974 267 1046 313 ad-

47 335 168 382 versa
204 340 222 396 (
249 348 401 383 contra
443 334 543 383 suos
568 336 587 393 )
624 334 838 382 moliendi
884 333 1042 396 sponte

52 403 345 448 concessurus.

120 470 212 514 Res
235 467 386 532 magni
410 466 631 514 momenti
654 465 881 529 duplicatis
913 463 1048 512 literis

49 533 307 596 perscribat,
333 537 379 581 &
402 531 570 580 diverso
582 532 737 578 itinere
747 531 920 584 mittat,
944 543 1049 577 tum

52 609 104 644 ut
128 599 285 646 melius
311 599 587 646 inculcentur
609 633 622 652 ‚
644 609 748 644 utve
767 596 931 644 amiffis
951 596 1045 643 aliis

49 663 184 712 literis
199 700 210 718 ‚
238 665 330 711 aliae
352 666 617 730 perveniant.

121 733 358 794 Postquam
405 731 570 777 venerit
602 730 655 776 ad
688 729 835 776 aulam
879 727 1050 774 externi

48 796 262 859 Principis
275 797 443 861 legatus
456 831 470 850 ‚
485 808 651 859 quanto
663 793 788 842 citius
801 795 963 859 poterit
973 810 1049 858 ap-

33 862 300 926 lproperabit
318 863 583 910 audientiam
609 898 622 917 ,
657 874 894 925 antequam
916 859 1044 907 fami-

49 929 164 976 liaris
177 930 263 975 effe
284 929 458 991 caeperit
479 929 628 975 aulicis
643 964 656 983 ‚
681 932 727 975 ὃς
737 944 874 991 quam
886 926 963 973 diu
976 925 1052 973 ad-

51 994 144 1041 huc
156 995 486 1059 retinetignotae
511 994 662 1048 faciei,
689 1009 874 1040 morum
900 995 946 1040 ὃς
973 1007 1048 1039 au-

48 1060 270 1108 thoritatis
291 1062 563 1124 opinionem.

120 1127 193 1172 Ad
205 1128 410 1173 trastatus
423 1127 538 1188 pacis
552 1126 669 1172 miffi
683 1125 814 1189 legati
827 1123 901 1170 seu
926 1138 1053 1170 com-

51 1192 231 1239 miffarii
244 1227 257 1247 ,
270 1192 633 1256 plenipotentiatn
671 1196 755 1253 (ut
765 1190 954 1246 vocant)
995 1189 1056 1235 le-

50 1258 238 1322 gationis
274 1258 679 1305 commissariorum
726 1255 902 1302 alterius
924 1254 1055 1317 partis

49 1324 277 1387 requirant
287 1325 421 1386 prius,
433 1336 669 1386 antequam
684 1337 782 1366 rem
794 1321 1050 1383 aggredian-

49 1401 152 1444 tur,
177 1388 273 1436 imo
285 1407 384 1436 mm
397 1389 475 1435 fibi
489 1387 671 1435 describi
694 1396 872 1449 petant3
910 1401 1052 1450 quam

46 1455 325 1501 confiderent
347 1471 400 1501 an
425 1455 477 1501 ad
501 1453 660 1500 fucum
683 1449 886 1506 tantum,
912 1464 987 1499 aut
1008 1467 1056 1498 re

53 1535 154 1566 vera
166 1520 219 1566 ab
231 1520 361 1567 altera
370 1532 491 1584 parte
500 1520 706 1566 tractatus
719 1519 935 1573 ineantur,
948 1530 1052 1565 tum

48 1585 172 1632 tituli
187 1589 232 1633 &
246 1585 391 1633 sensus
404 1587 467 1632 rei
479 1585 746 1633 discutiatur.

117 1649 244 1698 Cum
265 1652 447 1714 quidam
459 1652 625 1716 legatus
637 1649 903 1714 praesentiret
911 1647 955 1694 se
966 1646 1057 1695 fine

34 1771 36 1775 Α
52 1716 241 1763 occursu
253 1728 491 1779 exceptum
503 1718 570 1770 iri,
584 1717 764 1779 ipseque
777 1732 868 1762 non
881 1714 1056 1778 magni-

35 1800 37 1804 ’
56 1781 141 1829 fiee
159 1782 396 1828 comitatus
416 1782 662 1834 adveniret,
687 1783 769 1827 iter
791 1780 1053 1833 maturavit,

57 1851 103 1895 &
118 1849 257 1894 noctu
268 1846 478 1910 insperate
491 1847 701 1910 pervenit.

125 1916 236 1961 Non
259 1913 526 1960 adventantis
561 1911 702 1959 modo
723 1912 857 1978 legati
877 1911 1056 1975 requiro

55 1979 274 2026 curiosam
315 1984 332 2040 (
361 1995 558 2042 quorum
582 1979 754 2025 interest
778 1980 797 2036 )
840 1978 1057 2024 salutatio-

61 2061 194 2098 nem,
243 2045 314 2091 sed
338 2046 533 2092 abeuntis
564 2046 696 2091 etiam
715 2044 1055 2092 valediffionem

58 2123 163 2174 peto
179 2145 192 2164 ‚
217 2127 272 2158 ne
284 2111 382 2158 alias
397 2110 548 2159 offensi
561 2112 785 2175 purpurati
798 2146 811 2165 ,
837 2122 1059 2174 quantum

38 2192 40 2196 ·
59 2177 168 2225 boni
179 2176 265 2226 fi1ae
276 2178 397 2243 genti
408 2177 589 2242 praesens
600 2178 809 2242 paraverit
822 2212 836 2234 ‚
861 2176 1061 2287 illudsper

908 2241 960 2289 ab
982 2257 1058 2287 en·
