1320 2490
235 82 466 126 Scnw‘r.
504 78 897 125 FRAGMENTA.
969 88 1062 138 149

63 162 94 210 ὲ
107 180 155 210 re
167 179 266 210 men
275 163 389 210 abest
409 163 520 211 illud
540 163 736 212 Graeculi
757 163 931 210 dietum
943 196 960 218 ,
980 161 1063 226 qui

67 231 122 276 de
133 234 293 291 Spartae
307 230 466 276 finibus
481 230 667 295 litiganti
679 231 856 278 cuidam
866 264 880 284 ,
892 268 896 270 f
906 244 1058 292 appre-

63 295 201 342 henso
215 296 347 360 gladii
361 297 516 359 capulo
528 297 764 360 respondit,
802 295 901 361 Qi
924 295 1063 355 hujus

62 362 164 408 effet
187 362 412 409 Dominus
427 397 440 417 ,
476 380 583 411 eum
609 360 781 426 optime
806 363 862 409 de
897 360 1060 408 finibus

60 427 275 490 disputare
287 449 300 483 3
339 427 457 476 Vere
482 429 588 476 item
600 429 831 476 arbitrium
853 427 1061 490 Majesta·

58 493 111 540 tis
125 510 256 555 penes
268 511 375 541 eum
387 496 446 541 est
458 528 472 549 ‚
494 495 573 558 qui
587 495 757 561 magnis
778 495 966 557 imperat
976 508 1058 557 po-

56 560 170 622 pulis
185 564 230 609 &
240 576 362 607 arma
373 572 504 608 tenet.
731 587 743 597 ι

106 626 352 673 Theodoro
365 643 532 692 magno
546 625 845 674 Moschorum
856 621 978 672 Duci
987 622 1055 672 sui

52 694 280 755 purpurati
294 692 507 739 suaserant
521 728 532 748 ,
548 693 789 756 petendum
801 689 825 738 a
838 690 1056 738 Pontifice

56 759 269 805 Romano
285 760 423 823 Regis
443 759 628 806 titulum
650 763 668 821 (
692 759 757 805 uti
778 756 1051 815 ambiverat)

51 826 284 887 postquam
296 824 400 871 vero
413 825 654 872 subaudivit
666 859 679 878 ‚
694 827 875 889 Regem
888 821 1054 870 Sueciae

57 893 76 949 (
91 906 194 936 cum
222 907 313 953 quo
326 891 389 936 illi
402 908 483 953 pro
510 892 664 937 vicinia
686 891 858 941 interest
869 889 1050 936 aemula·

50 956 137 1013 tio)
156 956 218 1002 uti
231 957 484 1020 antiquitate
499 957 634 1021 Regii
648 956 764 1003 tituli
777 991 790 1010 ,
803 956 935 1003 etiam
948 955 1051 1001 loco

49 1019 93 1066 se
103 1024 438 1077 alitecefl'iirum,
453 1023 614 1085 respuit
623 1022 934 1087 nomenRegis
947 1056 960 1075 ,
972 1021 1049 1067 ad·

36 1087 61 1148 j
69 1088 168 1133 edto
193 1105 283 1134 non
307 1090 360 1135 ab
384 1090 568 1153 ignobili
591 1088 741 1135 animo
766 1089 951 1135 dieterio
961 1122 975 1142 ,
1004 1084 1051 1150 se

45 1158 150 1199 tanti
167 1157 303 1218 Septen
311 1159 444 1202 trionts
466 1159 702 1209 Dominum,
716 1171 791 1201 non
804 1166 900 1221 opm
914 1152 1054 1201 habere

45 1221 181 1267 altiori
195 1223 308 1268 titulo
324 1256 336 1275 ,
366 1223 456 1268 cam
470 1222 624 1268 haberet
639 1234 715 1268 tres
730 1219 929 1280 myriades
940 1222 1053 1284 equi—

45 1299 152 1336 tum,
172 1286 270 1333 duas
284 1287 474 1349 peditum,
492 1304 652 1351 quorum
667 1288 777 1347 operti
796 1301 873 1332 non
892 1287 1046 1349 aequari

43 1352 154 1398 mods>
171 1356 380 1398 suecorum
395 1357 514 1415 Regi,
524 1351 592 1417 sed
608 1350 831 1414 Caesaribus
847 1352 1046 1405 Romanis

40 1417 90 1462 de
115 1414 342 1475 Ivlajeffate
364 1418 497 1465 audax
523 1432 672 1482 poneret
699 1411 959 1481 quaestionem.
993 1416 1040 1462 Si

53 1483 160 1528 item
176 1484 343 1530 nullam
358 1487 505 1548 Reges
517 1483 758 1549 agnoscunt
766 1483 1041 1543 superiorem

43 1546 179 1611 quam
194 1550 280 1595 Dei
294 1551 385 1613 Maj
393 1553 567 1597 estatem
582 1584 594 1603 ‚
624 1551 692 1611 cuj
700 1567 748 1595 us
772 1548 952 1594 decretis
965 1557 1047 1594 aut

36 1615 242 1660 institutis
264 1629 464 1677 pareant,
503 1629 577 1662 aut
599 1616 720 1678 quod
733 1615 780 1661 in
805 1613 1038 1675 orbejudi-

51 1692 119 1726 cat
129 1680 332 1742 suprema
352 1697 582 1728 armorum
605 1681 798 1744 potentia
811 1715 822 1733 ‚
847 1677 945 1726 vere
961 1678 1040 1742 qui

39 1747 154 1792 valet
163 1747 296 1793 armis
311 1781 322 1799 ,
346 1745 516 1809 optime
543 1747 597 1794 de
607 1747 867 1794 authoritate
889 1746 1036 1808 dispu-

41 1824 126 1866 tat,
152 1812 256 1859 facit
276 1813 354 1858 fibi
379 1814 532 1859 locum
557 1817 601 1861 ὅζ
623 1813 934 1860 authoritatem
956 1810 1034 1858 ha-

38 1879 125 1925 bet.
154 1880 322 1940 Qaeso
336 1879 455 1926 cedat
466 1880 566 1926 loco
576 1879 900 1942 potentissimus
911 1881 1029 1923 Tur-

39 1961 191 1992 carum
215 1946 418 2008 Princeps
456 1950 474 2006 (
488 1946 557 1991 vel
580 1945 740 1992 sublata
760 1945 934 2006 imperii
960 1946 1028 1988 O·

37 2011 225 2057 rientalis
237 2012 491 2075 antiquitate
503 2015 548 2060 ἃ
559 2012 793 2076 praetextu)
809 2011 926 2075 Regi
942 2013 1034 2067 Boe

39 2076 298 2132 hemorum‚
313 2095 368 2125 ex
381 2097 433 2125 eo
446 2079 567 2142 quod
579 2079 689 2126 ultra
700 2089 879 2124 centum
890 2093 1027 2124 annos
1055 2078 1059 2079 ⁷

36 2143 256 2209 Principes
281 2144 591 2195 Bohemorum
624 2144 762 2211 Regis
795 2144 1029 2192 obtinuere

531 2213 575 2261 G
614 2215 643 2262 6
946 2223 1029 2257 no·
