1320 2490
237 108 332 159 294
365 94 645 141 ANDREAE
678 89 1126 136 MAx.FR1-:nn·o

235 177 382 242 potius
427 173 556 219 altrix
589 170 725 236 quam
772 172 1014 219 hominum
1029 205 1043 225 ‚
1092 171 1239 218 nullus

241 240 428 306 proinde
452 237 670 285 habitator
685 272 698 292 ‚
732 238 806 285 sed
830 239 1002 285 novella
1037 238 1240 300 primum
1268 253 1270 257 ·

243 308 322 354 soli
336 305 581 369 populique
608 305 806 358 cultura3
836 305 936 351 Effe
946 304 1101 367 utique
1120 303 1242 351 velut

247 371 427 419 homini
462 370 522 416 fic
556 370 729 433 populis
764 369 856 417 suas
870 381 1009 418 aetates
1033 405 1048 425 ,
1097 368 1243 433 pueri·
1302 390 1305 395 ·

246 438 357 484 tiam
389 436 696 484 submorosam
722 471 736 491 ,
778 437 1067 499 juventutem
1099 451 1244 483 amoe-

248 520 355 551 nam
378 537 392 557 ‚
435 502 577 550 viriles
623 519 760 550 annos
798 518 949 568 graves
984 505 1030 550 &
1066 502 1207 550 cultos
1232 534 1253 554 ,-

250 567 444 632 ideoque
479 569 773 631 Septentrioni
820 570 969 615 nostro
1000 568 1246 615 adolescen·
1299 591 1305 595 2

249 636 358 683 tiam
371 635 564 697 primam
577 635 750 698 agenti,
773 634 929 680 frustra
956 634 1058 696 (nifi
1068 633 1249 681 acerbus

249 699 498 759 censorfit)
523 700 676 764 aliquis
706 699 978 753 succenseat,
1002 701 1116 746 dum
1137 715 1246 761 prae-

250 766 403 815 sertim
437 765 534 813 satis
562 766 866 829 recompensat
898 766 1090 829 aliquam
1126 766 1255 830 vulgi*

250 832 516 886 ruditatem,
553 833 756 897 ingenuae
779 831 1030 879 Nobilitatis
1064 847 1248 878 morum
1307 842 1311 843 ’

256 903 302 947 &
314 899 600 962 ingeniorum
624 899 781 945 decora
791 900 1001 960 venustas.

71 980 199 1019 Danu·-
320 962 497 1012 Verum
520 965 655 1029 aliqui
688 965 742 1011 ab
766 964 1040 1011 Occidentali
1067 966 1248 1010 Monar-

69 1047 169 1090 mm
255 1031 353 1078 chia
373 1031 603 1095 scriptores
617 1067 629 1085 ,
666 1032 712 1077 in
733 1032 925 1077 nostram
949 1029 1126 1093 plebem
1146 1042 1247 1076 tum

69 1085 197 1173 ἴω·
254 1098 488 1151 ruricolas,
514 1098 765 1144 absolutum
779 1097 1075 1144 Dominatum
1092 1130 1105 1149 ‚
1128 1095 1252 1141 velut
1310 1126 1317 1142 -.

99 1148 181 1177 ’Μ’
254 1164 418 1228 aliquid
431 1164 628 1228 ignobile
652 1167 696 1211 &
711 1163 986 1210 horrendum
1000 1161 1124 1208 nobis
1139 1161 1253 1223 obji-

255 1231 392 1277 ciunt.
432 1230 559 1292 Qid
572 1247 680 1294 ergo
692 1229 794 1276 inde
814 1229 1003 1275 inferant
1017 1232 1043 1274 ?·‘
1058 1225 1194 1291 quam
1206 1238 1259 1274 ut

258 1296 444 1342 nomine
457 1296 731 1342 Monarchiae
747 1299 789 1344 &
801 1295 1008 1341 absolutae
1020 1293 1253 1356 potestatis,

256 1361 351 1407 vim
364 1362 627 1423 Tyrannidis
640 1361 811 1407 occludi
824 1361 960 1406 velint
972 1395 985 1413 ‚
1013 1363 1055 1406 &
1069 1359 1257 1420 proinde

259 1427 606 1474 Monarchicum
619 1428 778 1472 statum
806 1431 822 1487 (
837 1427 947 1471 dum
959 1424 1038 1471 sub
1047 1423 1130 1470 suis
1143 1425 1193 1469 M
1202 1441 1249 1469 o-

258 1493 432 1538 narchis
445 1492 633 1548 vivunt)
659 1489 785 1537 tacite
800 1491 976 1554 lugeant
989 1524 1001 1542 ‚
1029 1489 1164 1535 aliena
1176 1489 1255 1535 sub

260 1558 424 1604 invidia
435 1568 508 1603 aut
519 1557 649 1603 titulo
663 1592 674 1610 ,
699 1556 934 1603 accusaturi
946 1555 1017 1601 sua
1030 1589 1042 1608 ,
1057 1555 1166 1601 dum
1179 1571 1254 1616 pa-

263 1623 353 1669 lam
378 1623 503 1685 loqui
528 1623 747 1668 nonlicet.
788 1620 958 1668 Acerba
980 1637 1035 1666 ne
1061 1620 1254 1684 loquor?

262 1687 482 1742 minime5
509 1704 613 1733 nam
637 1688 864 1750 proportio
885 1687 1036 1732 eadem
1053 1688 1134 1739 est,
1162 1703 1254 1733 non

259 1754 572 1817 personarum,
609 1754 682 1800 sed
711 1755 851 1815 juris,
892 1754 1003 1798 dum
1029 1750 1250 1815 quisque&

260 1820 386 1877 nobis
401 1819 578 1866 Polonis
591 1854 603 1872 ,
618 1820 681 1866 sui
693 1819 816 1882 vulgi
830 1822 873 1865 ὃ(
886 1817 1139 1872 bonorum,
1155 1834 1252 1880 par-

258 1902 340 1931 vus
355 1886 693 1948 quodammodo
718 1889 762 1931 &
775 1884 992 1930 absolutus
1008 1883 1262 1930 Mon-archa

260 1952 333 1996 est.
374 1952 518 1997 Etiam
535 1953 677 1997 noster
688 1951 954 1996 Dominatus
978 1949 1023 1995 in
1049 1950 1254 2012 plebecu-

260 2016 350 2062 lam
369 2050 380 2067 ,
406 2017 646 2080 intra-leges
661 2015 932 2063 conscientiae
947 2017 1004 2061 est
1017 2022 1043 2068 ,l
1054 2016 1165 2061 dum
1177 2014 1260 2062 scit

262 2081 446 2145 quisque
465 2079 699 2129 &ruricolis
715 2117 727 2136 ,
753 2083 860 2145 quid
882 2081 1023 2143 operis
1049 2080 1253 2143 septima-

261 2147 428 2212 natirm
475 2147 583 2212 quid
616 2147 769 2198 tributi
801 2147 1037 2211 annuatim⁴
1059 2147 1259 2195 dominis-

1145 2228 1254 2280 Penss
