1320 2490
242 87 332 132 ·„.5-0
368 70 643 116 ANDREAE
679 68 841 114 Max
880 69 1137 113 FREnno

241 171 352 200 num
387 164 476 200 e1at
499 151 820 214 assequebatur,
857 150 1108 214 periculofis
1128 150 1220 214 qui-

240 218 688 282 busquetemporibus
702 217 950 270 dele&um‚
965 216 1219 278 pecuniam,
1250 269 1255 274 ,

238 296 571 337 commeatum,
607 300 678 328 ve
663 284 794 328 ando
808 316 820 335 ,
869 282 1092 346 negando·
1082 314 1094 335 ,
1134 298 1221 330 non

236 350 357 413 quod
370 362 443 396 aut
455 350 532 411 ipfi
546 346 661 394 male
689 347 807 394 fieri
796 365 841 393 m
853 347 1082 409 publicum
1105 359 1220 408 opta-

235 427 356 468 “ent,
380 428 453 462 aut
478 432 567 461 non
583 426 788 476 cuperent
810 412 1129 466 bellisubfidia,
1152 412 1223 460 sed

236 494 285 527 ut
295 482 495 543 oppofitu
520 480 711 526 honestae
736 478 1020 531 extorsionis,
1043 491 1223 541 utraque

236 563 331 609 pars
356 547 432 592 fibi
457 544 618 592 mutuo
641 545 824 591 suaviter
849 544 1220 591 condescenderet.

303 613 498 658 Tarditas
516 611 690 670 justitiae
714 611 758 656 in
783 627 877 656 reos
902 627 992 656 non
1015 610 1107 656 aliis
1130 615 1235 656 tan-'

238 675 339 723 tum
353 712 365 730 ,
380 677 449 723 sed
464 676 578 722 mihi
593 677 724 722 etiam
737 675 979 737 displiceat,
993 675 1071 721 nisi
1088 692 1134 727 ea
1146 691 1223 738 po-

236 744 320 789 tius
346 742 572 788 neceffaria
595 742 816 788 cunetatio
856 758 1000 803 poenae
1032 742 1221 788 vocanda

236 809 289 854 fit
300 843 312 862 ,
331 807 506 871 (utique
516 825 592 870 per
604 807 718 854 licita
722 807 834 870 juris
848 807 1054 853 beneficia
1067 808 1225 870 cuique

237 891 311 919 reo
337 875 534 921 concefl‘a
546 875 573 931 ).
593 890 696 920 nam
718 874 816 919 alias
842 890 896 920 ex
920 873 1225 935 praecipitantia

234 940 342 1002 quid
353 941 475 1001 pejus
500 940 545 985 in
561 939 787 1001 publicum
812 939 999 991 oriatur,
1024 938 1100 984 nifi
1116 939 1226 984 intra

236 1005 460 1051 dilationes
474 1006 716 1051 advertatur
730 1004 991 1066 ,praesertim
1008 1005 1052 1050 in
1067 1015 1220 1067 poten-

236 1082 297 1116 tes
311 1071 421 1117 cives
438 1105 449 1123 ,
477 1087 588 1132 quos
601 1071 632 1116 fi
648 1071 788 1117 statim
801 1070 956 1116 feriant
971 1070 1086 1134 leges
1100 1104 1112 1122 ,
1143 1085 1221 1115 nec

234 1152 310 1197 per
333 1137 555 1182 intervalla
585 1136 912 1199 (diffimulandi
939 1137 1109 1193 modo)
1136 1135 1223 1181 mi-

238 1214 410 1254 nentur,
422 1201 666 1263 periculum
692 1219 747 1247 ne
769 1201 1003 1264 desperatio
1027 1201 1220 1247 veniae&

235 1283 336 1313 cura
358 1268 563 1313 evadendi
578 1284 671 1313 rem
695 1267 1101 1329 periculoinvolvat.
1142 1270 1219 1312 Er-

239 1344 378 1378 ratum
405 1333 515 1377 olim
530 1336 718 1386 Romae,
740 1332 848 1379 cum
875 1349 964 1378 non
980 1333 1089 1378 intra
1100 1332 1218 1377 diffi-

235 1397 445 1442 mulation
452 1413 523 1442 em
538 1414 602 1442 res
613 1398 726 1442 stetit
737 1398 1064 1460 contrajulium
1079 1396 1216 1442 Caesa-

232 1478 326 1507 rem
345 1498 357 1516 ,
379 1479 516 1523 quem
540 1460 631 1523 quo
645 1462 860 1507 ardentius
874 1462 1075 1507 nonnulli
1088 1462 1133 1506 in
1147 1477 1216 1506 or-

230 1527 381 1573 dinem
392 1527 529 1590 redigi
543 1527 698 1572 volunt
710 1562 722 1580 ,
737 1525 789 1572 eo
805 1527 943 1589 magis
958 1538 1107 1572 contra
1118 1525 1160 1571 se
1174 1529 1218 1573 δί

232 1591 574 1654 Rempublicam
587 1593 827 1638 armarunt.
864 1592 1099 1638 Subnectas
1119 1591 1216 1637 sub-

232 1658 332 1704 inde
346 1693 358 1711 ,
395 1657 566 1703 licitum
603 1658 676 1703 hic
711 1657 870 1721 cuique
889 1658 1055 1719 potenti
1081 1657 1220 1703 facere

231 1724 354 1786 quod
378 1723 511 1770 velit?
548 1721 771 1777 Minime3
809 1724 920 1769 adest
944 1724 1097 1785 utique
1119 1723 1214 1776 lex,

231 1789 343 1835 adest
356 1805 582 1852 quemque
607 1789 651 1835 in
665 1789 868 1835 ordinem
890 1789 1111 1852 redigendi
1135 1804 1213 1852 P0'.

229 1855 376 1907 testas,
401 1867 533 1916 prout
545 1854 770 1918 aliquoties
784 1867 934 1901 contra
946 1871 1130 1919 magnos
1155 1853 1217 1899 fa·

229 1919 382 1964 &um-
372 1923 562 1983 ,Neque
574 1937 657 1984 ego
663 1920 874 1982 justitiam
888 1921 1124 1973 damnem,
1146 1919 1220 1965 sed

230 1984 339 2030 item
365 1986 691 2032 cunffationem
738 1986 980 2051 irrogandae
999 2003 1144 2049 poenae
1169 1987 1215 2032 &

230 2048 457 2096 beneficia
443 2068 554 2111 Ju11s
569 2069 649 2114 pro
663 2053 771 2099 statu
783 2054 930 2099 nostro
942 2069 1033 2099 non
1047 2052 1215 2125 impro-

232 2114 336 2164 bem
348 2149 361 2171 ,
375 2127 424 2164 ut
435 2115 610 2167 interim
625 2128 826 2182 tempus,
842 2118 1034 2173 occasm,
1058 2117 1188 2164 amici
1201 2150 1215 2170 ‚

321 2213 325 2216 ⁷
1067 2194 1215 2234 metus
