1320 2490
203 77 883 123 SCR1PT.FR·AGMENTA.
960 90 1045 138 143

125 160 330 206 Hostium
367 160 516 223 legatis
538 160 772 222 aliquando
797 159 1053 206 adimuntur

63 241 185 270 arma
197 258 210 277 ,
233 242 287 272 ne
302 226 556 272 insidientur
569 226 680 271 iuter
703 225 1054 287 colloquendum

62 290 250 351 Principi
265 326 278 344 ,
316 292 439 337 velin
462 291 648 352 speciem
662 290 917 336 hostilitatis.

126 357 325 418 Qidam
351 374 406 402 ne
427 356 575 419 legatis
599 356 773 402 obviam
799 356 1054 410 mitterent,

61 421 106 465 in
133 422 412 468 venationem
434 422 501 466 vel
525 434 702 484 propter
725 422 889 483 pietatis
914 437 1053 485 nego-

59 486 175 532 tium
184 487 332 550 aliquo
343 488 426 533 alio
439 487 490 533 ab
501 486 597 533 aula
607 487 785 548 procefl
775 499 917 532 erunt.

126 552 170 596 Si
185 553 413 599 neceffefit
437 552 594 599 visitari
615 552 776 615 legatos
790 586 803 605 ,
830 551 1056 597 visitentur

59 613 192 663 aviris
215 617 447 665 illustribus
484 621 528 665 &
552 617 860 680 prudentibus,
887 617 965 679 qui
987 617 1054 662 di-

55 681 211 728 scurfu
241 687 284 731 ὃς
319 684 470 731 animo
491 701 683 748 magno,
717 683 1058 730 admirationem

58 747 144 794 suae
157 750 298 812 gentis
311 750 478 813 legato
466 759 698 796 iminuent.

126 816 246 860 Host
236 832 333 861 ium
348 816 476 879 legati
486 811 774 861 reducantur
758 833 781 860 a
794 815 893 862 viris
905 830 1049 860 arma—

61 879 113 925 tis
127 879 263 942 usque
272 881 324 926 ad
339 881 474 934 finoe,
500 885 545 928 &
558 881 669 926 circa
690 881 877 926 civitates
901 879 1054 926 muni-

60 945 191 991 tiores
204 947 415 992 ducantur
427 982 440 1000 ,
463 947 647 1009 locaque
656 947 844 1010 regionis
856 946 1027 1008 potiora
1038 977 1054 999 ‚

59 1027 141 1073 pro
167 1012 351 1073 paranda
367 1012 585 1074 opinionis
597 1029 774 1075 pompa.

129 1077 173 1122 Si
195 1078 662 1140 contigeritde‘iiquiffe
683 1089 916 1132 externum
938 1076 1056 1141 lega*⁶

60 1153 192 1195 tumr
212 1144 450 1190 remittitur
479 1144 701 1190 interdum
727 1159 839 1188 cum<
857 1142 978 1189 causa
1000 1141 1056 1190 ad

60 1224 166 1253 eum
181 1209 257 1270 qui
271 1209 389 1254 misit
404 1230 417 1262 3
431 1207 590 1255 verum
608 1209 685 1270 qui
698 1208 1057 1270 deliquerit-jussu

60 1272 126 1319 sui
151 1274 360 1335 Principis
376 1308 389 1326 ,
414 1275 445 1319 fi
472 1274 552 1320 sub
573 1274 712 1335 specie
734 1273 961 1336 legationis
984 1285 1056 1318 tu-

59 1338 228 1385 multus
252 1339 525 1391 excitaverit,
548 1338 769 1390 incendia,
796 1338 963 1383 caedem
987 1337 1056 1383 in-

59 1404 232 1449 tentarit
254 1437 268 1456 ,
311 1404 468 1449 carceri
491 1401 606 1448 certe
630 1403 916 1449 intrudendus
930 1436 943 1455 ‚
979 1414 1057 1450 aut:

60 1467 239 1515 honeste
274 1469 523 1516 retinendus
548 1503 562 1522 ‚
611 1469 753 1514 milite
777 1469 869 1530 ejus
892 1468 1056 1514 domus

58 1535 531 1596 cingenda‚antequam
547 1535 600 1579 de
614 1534 840 1581 voluntate
851 1533 914 1579 sui
929 1533 1055 1578 Prin-

62 1599 167 1661 cipis
190 1599 453 1653 innotescat3
493 1600 896 1662 Qemadmodum
932 1598 1057 1644 enim

60 1663 225 1710 offendi
239 1665 404 1726 legatus
417 1681 508 1710 non
520 1664 649 1710 debet
663 1700 674 1717 ,
690 1663 911 1710 offendere
924 1663 1059 1710 etiam

63 1746 155 1775 non
170 1731 307 1792 potest
323 1763 335 1782 ,
353 1728 384 1774 fi
396 1727 502 1774 vero
516 1729 621 1775 velit
631 1729 854 1775 offendere
864 1745 1058 1784 ,munus

23 1803 25 1807 ⁴
63 1795 195 1842 fuum
222 1794 410 1848 amittit,
439 1794 592 1841 definit
616 1795 700 1841 effe
727 1793 892 1859 legatus
916 1827 931 1848 ,
978 1793 1061 1858 qui

64 1861 265 1924 proditor
278 1860 362 1905 effe
373 1859 537 1923 incipit.

116 1927 217 1985 rSed
229 1938 379 1971 tamen
391 1925 467 1972 etsi
480 1925 710 1989 deliquerit
730 1925 896 1989 fegatus
907 1936 1062 1972 contra

63 1993 166 2055 jura
178 1994 381 2066 gentium·
395 1995 439 2039 &
451 2008 634 2055 poenam
649 2004 866 2038 mereatur
878 2026 892 2045 ‚
907 1992 1057 2037 viden-

68 2059 180 2104 dum
213 2074 268 2103 an
291 2056 438 2118 potius
464 2057 594 2104 valeat
616 2057 806 2103 amicitia
817 2059 910 2117 ejus
936 2057 1059 2103 Prin-

70 2123 175 2186 cipis
189 2136 262 2171 aut
275 2120 463 2187 populia
473 2140 564 2187 quo
576 2123 694 2170 venit
707 2139 786 2178 ,an
796 2122 1063 2233 supplicium

544 2191 590 2235 G
630 2204 652 2251 3
966 2203 1063 2252 ega·
