1320 2490
201 81 447 141 Seium.
484 96 894 143 FRAGMENTA.
959 111 1049 159 329

0 209 2 215 ·
50 176 154 226 vere
171 179 401 227 habebitur
413 182 645 242 potestate,
668 197 747 244 per
771 197 908 246 quem
918 184 1052 230 autin

0 286 3 293 ,
52 245 312 292 cubiculum
326 247 378 293 ad
391 247 642 310 Principem
654 247 906 294 deferentur
914 248 1049 296 scien-

0 345 1 359 2
51 311 139 369 da,
163 325 238 359 aut
258 325 381 359 extra
394 312 740 376 exportabuntur
751 313 1024 377 exsequenda
1037 349 1052 369 ,

54 394 147 424 non
161 379 282 425 enim
294 390 427 441 prout
449 379 746 443 11gnificatum
773 392 847 426 aut
865 380 1053 428 viciffim

52 444 312 507 responsum
325 446 411 498 est,
435 444 508 490 sed
517 457 652 507 prout
673 445 885 493 deferenti
907 446 1054 494 clienti

52 510 292 574 placuerit,
308 510 613 556 indioebuntur
624 512 683 557 est
696 510 829 564 fient,
842 512 964 558 velut
975 513 1054 576 qui

43 575 302 639 perspiciliis
326 586 539 629 utuntur,
565 575 685 623 fallas
710 575 877 624 formas
900 594 1052 626 rerum

9 660 11 663 ’
53 642 195 690 oculis
207 642 440 705 accipiunt,
454 643 648 689 minores
659 655 734 690 aut
745 644 830 706 maj
837 655 1054 698 ores,tum

7 733 11 747 ι
52 707 273 755 coloribus
296 708 419 754 aliter
439 709 649 755 variantes
676 725 812 772 quam
836 709 923 756 fint
946 746 963 766 ,
994 711 1054 757 fic

55 774 261 838 Princeps
272 774 349 838 qui
362 774 434 822 sua
446 791 560 821 curae
572 775 786 821 clientum
798 776 935 822 credit
945 810 958 830 ,
974 793 1056 824 nec

53 843 98 888 ie
118 840 208 904 ipse
228 840 483 904 praesentem
498 841 622 888 rebus
646 841 826 888 sciendis
846 857 1054 889 commo-

55 907 153 960 dat,
181 908 303 954 aliter
314 924 451 971 quam
475 907 599 961 sunt,
623 908 679 953 de
690 906 814 954 rebus
828 906 937 955 falso
953 907 1056 956 sciet

54 977 104 1021 &
114 973 337 1035 judicabit.
364 974 610 1020 Secessum
598 974 732 1038 igitur
752 973 938 1027 suadeo,
962 991 1055 1021 non

56 1055 165 1086 eum
177 1050 328 1086 tamen
352 1039 398 1086 in
428 1056 521 1103 quo
530 1039 612 1085 soli
635 1050 865 1086 occurrant
885 1039 1056 1086 ridiculi

57 1106 252 1169 pigmei,
279 1105 504 1151 histriones
516 1104 670 1159 faceti,
684 1106 850 1168 puttaci
862 1106 1053 1171 garruli,

59 1171 289 1218 simiarum
303 1170 420 1217 lusus
434 1175 478 1218 δε
492 1170 743 1218 muscarum
756 1183 943 1234 captura,
948 1188 1054 1218 nam

59 1236 315 1283 cubiculum
330 1236 539 1300 Principis
552 1237 765 1283 rimarum
779 1237 964 1300 plenum
978 1239 1052 1291 est,

61 1302 174 1348 nihil
194 1319 286 1348 non
299 1303 530 1348 occultum
546 1302 653 1355 fert,
679 1304 802 1365 quod
826 1303 1056 1349 occultum

60 1367 251 1414 creditur
264 1402 277 1421 ,
288 1368 492 1413 videntur
503 1368 654 1413 omnia
663 1402 676 1421 ‚
691 1368 766 1413 etfi
779 1385 869 1415 non
882 1368 1055 1414 videan-

61 1444 159 1486 tur,
196 1434 229 1479 fi
262 1432 368 1479 vero
407 1432 606 1497 evulgata
643 1445 771 1480 erunt
796 1433 893 1481 casu
916 1433 1053 1488 levia,

62 1499 197 1547 etiam
209 1500 264 1545 de
275 1498 446 1562 magnis
459 1498 579 1545 idem
593 1500 674 1545 erit
687 1500 732 1546 in
744 1501 971 1562 posterum
984 1516 1057 1546 ru-

63 1580 170 1611 mor
190 1568 237 1612 &
247 1564 486 1626 judicium.
522 1566 714 1611 Honesta
735 1565 881 1627 potius
904 1565 958 1611 fit
980 1582 1057 1628 per

49 1624 274 1678 ‘seceffum
300 1629 459 1675 mentis
471 1629 701 1684 relaxatio,
725 1647 876 1695 graves
898 1630 1058 1677 discur-

0 1723 1 1726 =
63 1695 134 1743 sus
149 1699 195 1744 δε
211 1695 457 1774 colloquia,
485 1694 725 1743 hortorum
737 1697 1058 1751 deambulatio,

62 1758 441 1808 hastiludiorum
424 1779 448 1807 a
470 1774 646 1809 1em0t0
673 1762 963 1825 ΡΥοΓΡεᾶ-υε,
1002 1763 1060 1809 le·

64 1828 157 1874 &io
180 1828 506 1881 Historiarum,
536 1828 781 1875 tabularum
803 1828 1059 1894 Chorogra-

63 1893 335 1956 phicarum
323 1891 420 1940 1mo
442 1894 889 1959 Topographicarum
920 1895 1061 1959 inspe-

67 1961 175 2013 ffio,
189 1959 432 2006 ordination
439 1977 481 2006 es
493 1977 642 2006 rerum
655 1962 701 2006 in
713 1961 1062 2016 castrinum5Aut

65 2042 174 2072 eum
186 2024 395 2072 secessum
410 2025 639 2080 suadeam,
668 2027 744 2090 qui
766 2043 844 2089 per
866 2028 1062 2074 venatio-

69 2108 144 2138 nes
164 2092 378 2138 remotius
400 2109 423 2137 a
444 2092 544 2139 loco
579 2092 816 2140 refidentiae
838 2092 980 2139 trahat
984 2109 1062 2146 ur,

72 2170 146 2205 aut
158 2157 400 2207 devotionis
414 2157 595 2222 alicujus
608 2158 686 2208 sub
701 2170 915 2223 praetextu
925 2158 1062 2206 sulce-

139 2247 141 2252 ·
936 2239 1067 2289 ptum
