1320 2490
218 113 458 157 Senum
497 110 899 156 FRAGMENTA
958 114 1046 172 169

58 196 220 259 jestio,
244 194 334 240 fido
347 193 542 256 praesenti
573 211 703 256 opere
715 194 914 240 diluatur.

132 261 271 307 Milce
298 261 463 314 minas,
509 262 691 306 cunam
724 259 916 308 infamiae
945 293 957 312 ,
1006 257 1058 305 se

8 348 11 351 ⁴
65 327 178 388 ipsos
192 327 327 373 morti
335 326 562 387 eximant,
578 326 622 371 in
634 342 737 388 pace
750 324 887 371 causas
900 328 943 371 ὃς
957 340 1054 371 me-

65 394 145 438 rita
157 392 349 466 ipestari,
366 391 440 437 ubl
455 391 646 438 bellum
635 402 834 455 mgruat‚
849 402 1057 436 nocentes

66 470 196 520 atque
207 459 420 504 innocuos
427 458 555 519 juxta
568 457 730 502 cadere.

132 526 255 569 Tum
280 522 534 569 fortioribus
572 521 774 568 remediis
806 521 1028 584 agendum
1044 555 1063 575 ‚

67 589 114 636 ni
149 589 351 635 molliora
374 587 626 642 succedant3
655 587 768 649 jube
786 587 895 632 duos
921 586 1062 632 tresve

66 671 145 718 per
156 655 371 701 secretum
385 653 650 717 deprehendi
664 687 677 707 ‚
697 665 772 699 aut
782 652 828 697 in
841 652 1064 698 obsidium

0 745 3 753 ·
69 720 276 767 effraenati
290 720 431 785 vulgi,
441 731 514 766 aut
526 720 572 766 in
584 735 766 783 poenam
781 721 826 766 δί
836 729 1056 765 tenorem

0 806 4 832 ι
60 786 354 850 reliquorum.
373 811 380 835 ι

137 857 244 899 Haec
256 852 408 899 omnia
420 868 497 914 per
510 851 612 897 alios
624 850 750 897 facies
766 884 785 904 5
808 859 932 896 tuam
955 865 1067 913 prae-

0 918 4 964 ἱ
69 918 251 967 sentiam
273 921 316 965 &
331 918 459 963 verba
471 917 640 964 ultimis
652 917 906 962 servaturus.

139 985 352 1032 Constans
366 984 418 1030 fis
431 983 631 1031 adversus
646 995 789 1029 metus
804 1017 818 1036 ‚
832 998 912 1028 nec
924 979 1065 1028 inania

0 1068 5 1098 ι
70 1051 200 1099 famae
219 1049 508 1114 pertimescas.

139 1121 284 1180 Caput
304 1134 455 1163 rerum
469 1134 559 1163 non
572 1116 756 1171 omitte,
781 1114 920 1162 unde
909 1131 954 1160 11*
967 1128 1073 1159 om-

0 1210 4 1219 =
74 1184 143 1230 nia
155 1186 369 1248 regimen

142 1250 183 1295 Si
200 1249 353 1296 neceffi
360 1261 586 1313 tasurget,
612 1252 655 1302 i,
671 1251 713 1295 &
728 1263 921 1310 oppone
912 1244 1070 1291 autho-

74 1333 108 1362 r
113 1329 274 1368 tatem3
303 1316 482 1370 cefl'uri,
486 1289 584 1360 aubi
609 1315 863 1360 Dominum
889 1309 1071 1357 munifi-

75 1384 225 1428 centiae
252 1349 536 1429 &seventitis
561 1382 792 1429 summum
804 1377 1078 1444 aspexerint,

73 1448 146 1494 fed
169 1460 316 1494 tamen
340 1464 444 1493 cum
478 1449 614 1494 valida
649 1465 785 1494 manu
821 1448 1074 1502 fideliorum

78 1513 277 1559 militum
313 1513 481 1560 accede.
520 1515 767 1560 Praecedant
800 1514 959 1576 aliqui,
996 1514 1075 1575 qui

76 1595 197 1625 aures
232 1578 535 1626 seditiosorum
571 1581 623 1625 ad
657 1591 790 1625 tuum
834 1580 1074 1624 adventum

77 1656 330 1706 praeparent.
379 1645 449 1689 Sic
487 1646 733 1692 Alexander
777 1660 964 1706 magnus
998 1658 1077 1705 per

80 1708 316 1756 Praefestos
352 1710 580 1771 copiarum
614 1727 733 1756 aures
769 1710 970 1755 militum
994 1708 1074 1754 fibi

79 1775 197 1839 prius
209 1775 371 1836 paravit
384 1809 397 1828 ,
410 1786 645 1837 antequam
670 1791 742 1821 eos
753 1775 1048 1838 alloqueretur
1060 1808 1074 1828 ,

83 1857 188 1888 cum
202 1841 460 1887 seditionem
478 1841 562 1886 orfi
576 1840 762 1888 fuerant.

150 1906 288 1952 Initiis
320 1906 586 1953 seditionum
623 1907 882 1953 obstandum
897 1941 909 1960 ,
953 1916 1074 1952 ante-

86 1987 223 2034 quam
247 1973 379 2018 multi
403 1973 679 2019 consentiunt
701 1973 748 2018 in
762 1972 932 2018 malum
947 2005 960 2025 ,
996 1986 1079 2018 nec

86 2038 283 2084 dandum
295 2049 471 2112 tempus
484 2037 858 2091 confirmandise,
886 2037 958 2084 sed
979 2053 1080 2083 cau-

0 2125 6 2156 ι
88 2117 161 2157 te,
186 2120 243 2150 ne
254 2103 384 2150 1llud
373 2120 562 2152 incurras
589 2104 732 2168 (quod
752 2104 907 2167 ajunt)
935 2102 1080 2150 Multi

0 2202 4 2211 ·
86 2166 226 2231 fizllere
237 2168 478 2229 docuerunt,
509 2170 868 2234 dumtimentfadu

0 2275 3 2290 ,
49 2240 90 2255 ’“
119 2243 233 2263 ³²³³*
250 2238 335 2251 ’“””
581 2235 626 2283 H
658 2251 696 2297 4
975 2234 1092 2279 For-·
