1320 2490
228 70 465 119 sempr.
505 67 906 121 FRAGMENTA.
980 88 1088 137 105'*

81 163 225 226 pleant
250 175 400 217 metu,
436 164 734 218 excurrendo,
765 176 1074 212 commeatum

82 230 372 293 undequaque
392 231 638 294 aggerando
662 264 674 283 ,
720 230 880 277 abhinc
904 231 938 277 fi
960 247 1073 294 opus

81 294 212 341 fuerit
223 295 431 343 exercitui
442 295 690 342 submiffuri
704 317 718 352 3
739 297 856 343 Dein
870 314 926 344 ex
939 313 993 344 eo
1006 297 1072 344 lo·

80 378 134 408 co
149 362 259 408 ultra
281 360 512 408 ulteriusve
520 378 641 409 arma
650 363 694 409 in
707 362 870 409 diversa
890 380 1086 426 promo--

81 427 200 475 vebis
216 463 226 480 ‚
251 428 475 475 intimiora
508 440 659 475 tamen
681 429 873 492 regionis
896 442 1092 492 caputve⁴

81 510 232 540 rerum
244 495 432 556 petendo
445 528 457 547 ,
485 510 584 556 quae
608 493 714 540 vero
736 495 930 542 locaruae
944 511 1075 542 com·

81 559 285 606 moditati
295 576 387 606 non
399 560 609 605 accessura
622 594 634 613 ‚
646 561 792 622 potius
805 577 852 605 ea
861 560 1073 607 demolia-

81 641 138 671 τις
153 660 166 678 ,
196 623 332 689 quam
353 638 403 672 ut
416 626 608 672 militem
630 642 707 689 per
719 626 912 688 praefidia
925 627 1086 673 disti-a·-

84 690 159 737 has
177 712 188 745 3
213 691 371 739 verum
383 709 437 738 eo
449 691 493 737 in
507 691 626 753 passu
640 693 899 739 cautionum
911 692 966 739 fit
976 707 1073 740 ma-

82 756 203 804 xima
217 792 229 810 ‚
265 769 315 804 ut
335 757 447 803 nihil
462 757 617 804 hostile
645 754 669 803 ὲ
691 768 818 822 tergo
831 758 1046 822 relinquas
1059 792 1075 813 ,

84 823 201 869 unde
221 823 356 870 subfit
374 822 622 885 periculum
636 857 649 876 ‚
675 823 748 869 sed
772 835 891 871 tutus
915 824 996 871 tibi
1020 825 1075 870 ad

82 901 156 934 tua
179 889 381 936 fortalitia
405 901 599 950 receptus
625 889 690 935 fit.
726 890 899 936 Deinde
930 890 1073 937 maxi-

82 970 156 1000 ma
168 956 289 1028 priua
308 954 487 1006 invade,
507 954 660 1000 unde
648 971 693 1000 m
708 955 879 1002 minora
902 967 1045 1003 metus
1060 989 1074 1009 ‚

81 1020 155 1066 sed
170 1037 218 1066 ea
227 1021 381 1084 utique
393 1019 634 1066 invadenda
647 1037 760 1091 quae
769 1021 814 1066 in
825 1032 869 1068 te
882 1021 967 1068 fint
978 1022 1073 1068 vin-

22 1106 23 1110 *
82 1087 251 1140 cendo,
277 1104 332 1132 ne
354 1086 386 1131 11
400 1085 566 1148 aliquid
577 1086 688 1132 ultra
701 1083 809 1133 vires
822 1087 1048 1134 tentaveris
1063 1123 1081 1145 ‚

20 1176 23 1180 ⁴
82 1153 354 1214 impotentiae
376 1167 591 1224 arguanS,
616 1153 729 1198 hosti
742 1155 961 1214 majorem
986 1153 1076 1199 ani-

82 1235 216 1264 mum
249 1218 468 1264 refistendi
512 1233 558 1263 1n
593 1230 744 1263 caetera
776 1218 1070 1282 suggesturus.

80 1282 278 1348 Ideoque
300 1296 374 1330 aut
384 1300 451 1330 res
463 1299 554 1328 non
576 1295 694 1329 tenta
707 1317 720 1336 ‚
743 1295 817 1329 aut
838 1284 871 1329 fi
886 1296 1075 1330 tentave-

81 1351 161 1403 ris,
176 1367 277 1396 cura
288 1349 478 1396 omnino
492 1360 541 1394 ut
551 1350 733 1411 praestos.
771 1352 833 1395 Ea
845 1350 966 1395 enim
981 1366 1075 1395 ma-

83 1417 203 1463 xima
214 1415 435 1462 bellorum
449 1414 581 1469 fama,
596 1420 730 1464 Prota
740 1418 871 1479 prima
883 1413 1077 1479 cesserint,

75 1482 164 1547 fore
177 1480 372 1542 universa.
1213 1540 1219 1547 ἠ

151 1546 350 1594 Verum
338 1565 523 1611 1nJur1us
537 1547 620 1593 fim
646 1547 1012 1601 militarivirtuti‚
1038 1548 1072 1594 fi
1089 1542 1246 1629 ῗῖῗῗὶᾱ

83 1614 178 1677 post
190 1613 385 1677 rigorem
399 1614 632 1676 disciplinae
658 1617 703 1661 ὃς
716 1613 1052 1675 praeliorume
996 1631 1072 1688 pe-
1053 1606 1235 1685 ‘bgrimz

14 1717 15 1722 ,
82 1679 218 1726 ricula
234 1683 352 1743 (quae
364 1680 581 1742 copiofius
594 1679 808 1736 recensui)
823 1679 877 1725 de
886 1680 1075 1742 praemio

10 1747 15 1786 ζ
84 1745 286 1792 laborum
308 1745 573 1792 subticeam?
609 1747 907 1808 Nequaquam
941 1745 1082 1810 igitur

83 1813 263 1858 tacebo?
298 1811 386 1858 scio
400 1812 520 1858 enim
535 1845 547 1865 ‚
572 1810 698 1874 quod
719 1812 870 1858 datura
892 1811 987 1859 haec
1007 1829 1074 1861 res

82 1878 253 1924 animos
265 1878 495 1952 tyronibus
506 1877 559 1923 ad
573 1893 733 1942 magna
753 1877 1076 1932 audenda,cum

83 1944 271 1990 viderint
303 1945 349 1990 in
384 1944 655 1990 senectutem
691 1943 873 2006 reposita
897 1944 1044 1992 virtuti
1057 1980 1072 2000 ,
1124 1951 1128 1958 '

9 2027 11 2030 ⁴
84 2009 325 2063 laboribus,
339 2010 564 2073 sanguini,
588 2010 792 2072 praemia3
819 2011 1076 2075 gaudebunt

83 2074 370 2124 adolescentes
393 2076 652 2141 sanguinem
677 2075 862 2124 fundere
871 2078 1078 2124 mercede

85 2143 414 2224 coronandum,
449 2159 532 2193 nec
551 2143 762 2193 vulnera
747 2156 955 2208 juventus
971 2159 1078 2257 ξεῖ·

1002 2224 1078 2259 ΟΞ·
