1320 2490
228 120 322 180 148
355 122 626 167 ANDREAE
660 119 821 165 MAx.
858 119 1110 166 Fssnnno-

218 207 300 272 qui
320 224 344 252 a
369 205 661 254 Politicorum
686 207 877 260 ratione,
912 223 1004 270 quo
1027 219 1215 269 quaeque

219 289 328 337 gens
350 283 553 335 ternpore
573 272 756 320 titulum
792 273 930 338 Regis
951 272 1100 319 sortita
1129 271 1188 316 est
1202 303 1228 323 ς.
1272 279 1303 330 ᾖ·

219 338 417 402 priorem
451 355 632 402 quoque
665 339 820 386 locum
853 339 900 385 in
933 338 1086 385 ordine
1118 335 1214 383 affi-
1280 339 1282 344 ’

221 415 362 482 gnant
395 405 530 468 genti.
568 407 732 468 Neque
752 417 902 452 tamen
924 404 1032 451 illud
1057 402 1213 466 probo.
1276 446 1283 458 ,.

222 468 358 517 Certe
384 469 801 534 Hierosolymorum
813 474 987 536 Reges,
1021 470 1076 516 ab
1109 479 1218 515 ant1-
1275 487 1291 530 ..j

223 536 390 600 quitate
405 537 582 601 Judeae,
603 553 655 599 pi
656 536 894 584 aecederent
914 535 1229 613 potentissimo.
1279 535 1288 594 ξ

223 602 582 649 Occidentalium
617 603 845 664 Principi,
879 603 1078 649 videmus
1114 597 1220 646 vero
1289 597 1294 607 '

224 667 402 715 eosdem
437 669 666 715 remotiori
698 669 852 714 o1dine
885 671 930 715 δί
965 668 1091 720 loco,
1126 666 1221 729 post
1276 666 1302 722 ῥ’

225 733 334 781 alios
348 737 494 798 Reges
507 734 626 796 poni.
664 734 832 797 Ouaeso
855 733 1006 780 adhaec
1031 733 1120 779 da1i
1140 747 1220 805 po·
1278 775 1280 777 ,
1303 735 1304 739 ’

226 800 417 863 pulum,
444 817 529 863 qm
511 800 624 846 ullo
647 799 726 846 sub
739 800 876 864 Regis
901 800 1048 846 vivens
1073 797 1222 847 nomi-

226 881 308 919 ne,
334 865 406 912 sed
431 866 722 913 Aristocratici
746 868 873 913 status
895 882 944 912 ac
954 865 1086 912 solius
1115 863 1222 910 Rei·
1278 863 1283 894 ἶ

227 931 415 993 publicae
447 932 635 978 retinens
670 949 835 979 nornen
859 948 939 995 pro
963 930 1238 978 autholitate

227 995 293 1043 :sui
316 997 478 1045 ordinis
503 997 743 1045 laboraret?
770 1000 926 1061 jamne
950 999 1045 1060 post
1067 1012 1223 1044 omnes

230 1064 380 1126 Reges
404 1075 479 1110 aut
502 1065 718 1127 Principes
743 1063 859 1110 retro
884 1064 995 1110 iret?
1033 1062 1223 1109 omnino

230 1129 392 1175 nonita
406 1132 478 1176 est.
497 1134 704 1177 Romana
719 1129 980 1193 Respublica
993 1143 1233 1192 nunquam.
1278 1167 1279 1170 ,

228 1195 418 1243 externis
444 1197 564 1242 ceffit
595 1197 793 1262 Regibus
828 1197 1078 1259 Majestate,
1124 1196 1223 1241 No-

230 1260 346 1306 vitiis
380 1263 685 1326 antiquitatem
720 1262 841 1309 suam
867 1262 1030 1323 objecit
1054 1295 1068 1315 ‚
1114 1259 1225 1307 anti·
1278 1281 1295 1316 [Γ

230 1326 458 1401 quioribus
491 1341 596 1390 pote
598 1330 767 1402 utiam(
783 1328 951 1375 utihaec
963 1328 1077 1380 sola,
1103 1327 1225 1373 sum-
1283 1350 1291 1366 ι

229 1405 355 1437 mam
388 1393 433 1438 in
459 1394 566 1440 orbe
585 1395 746 1456 paravit
775 1395 852 1440 fibi
885 1391 1239 1447 authoritatem)
1294 1402 1301 1422 '³'

234 1459 280 1503 &
306 1474 416 1504 cum
451 1462 608 1508 Graeca
642 1473 748 1523 gens
762 1460 894 1523 longa
908 1462 1141 1504 Romanos
1155 1458 1224 1503 su·
1297 1499 1299 1519 ἔ

219 1535 397 1584 'peraret
409 1540 490 1570 nec
512 1525 981 1590 ignobiliantiquitate,
1009 1523 1225 1596 nusquam

231 1600 382 1636 tamen
396 1592 629 1640 Romani
618 1592 793 1656 imperii
814 1590 1033 1655 potentia,
1059 1588 1226 1636 Graecis

232 1655 393 1717 primas
419 1658 639 1704 conceffit.

299 1722 502 1769 Dixerim
517 1724 719 1777 omnino,
724 1723 861 1770 solam
875 1723 959 1769 effe
959 1724 1152 1797 Regum
1165 1731 1228 1767 at-

234 1803 324 1850 que
336 1790 607 1851 populorum
621 1790 888 1852 potentiam,
904 1801 969 1835 ut1
983 1788 1225 1835 aesttmatlo
1275 1829 1280 1834 .

232 1870 298 1899 ms
313 1870 361 1900 lc
375 1856 624 1918 MaJ‘estatis,
630 1856 688 1902 fic
701 1855 952 1902 nobilioris
940 1866 1053 1901 mter
1065 1854 1230 1900 Princi-

231 1920 402 1982 pesloci
427 1938 627 1986 aigumei
625 1934 769 1977 ιτιιῐιις
791 1923 958 1987 Justam
972 1934 1239 1968 tameneam-
1286 1948 1289 1975 3

234 1986 424 2033 dixerim
436 1989 709 2050 potentiam,
743 2005 832 2035 non
858 2004 956 2052 quae
980 1986 1152 2050 flagitiis
1175 1987 1228 2034 ad
1283 1998 1299 2050 Α

233 2060 437 2115 tempus,
463 2055 977 2118 auttyiannidepmatur,
991 2068 1232 2116 nonquam
1282 2056 1300 2090 η)

238 2117 354 2166 orbis
376 2118 566 2183 suspexit
599 2131 673 2168 aut
703 2120 857 2167 timuit
876 2120 922 2166 in
957 2120 1119 2172 Attila,
1155 2129 1231 2165 aut

237 2184 271 2235 fi
296 2185 373 2251 qui
396 2185 621 2238 latronum
655 2185 784 2236 fuere
814 2186 931 2237 tales.
967 2188 1069 2235 Nec
1090 2182 1230 2259 longe

1145 2267 1199 2300 a
1188 2266 1238 2297 θ
