1320 2490
259 120 501 166 Scan-r.
539 119 945 165 FRAGMENTA.
1004 134 1090 182 133

103 203 176 249 ffle
187 202 376 265 plurima
401 203 520 249 velut
534 203 692 250 secreta
712 204 922 267 praesente
934 204 1091 251 Antio·
1122 233 1133 243 κ

103 268 191 315 cho
217 268 425 316 inaurem
439 269 610 317 locutus
625 304 637 323 ,
663 284 712 317 ut
724 270 975 333 fizspedkum
996 270 1094 317 red-

103 336 223 381 deret
236 335 480 382 Antiocho.

168 402 331 447 Poterit
340 402 507 465 legatus
532 399 712 461 (verum
734 401 998 464 praemonito
1018 400 1104 450 suo

103 466 321 528 Principe)
327 466 508 513 miscere
515 467 750 530 senegotio
763 469 894 514 etiarn
911 467 990 513 fibi
1003 484 1095 515 non

103 534 366 586 commisso,
393 532 424 578 fi
435 532 950 606 praesentelegationoesua
971 549 1095 596 repe·

102 599 206 643 rerit
216 598 391 662 aliqua
379 615 425 645 1n
440 599 560 645 suam
582 610 763 661 gentem
775 599 952 676 agitari,
978 598 1100 663 lega-

103 673 172 709 tus
197 665 318 709 enim
342 664 455 711 nihil
476 664 594 710 aliud
615 665 698 718 est,
723 680 860 728 quam
885 665 1026 711 custos
1048 667 1097 715 δε

104 729 227 775 causa
248 730 375 776 bonae
389 730 477 786 rei,
499 745 597 793 quae
621 729 674 776 ab
697 742 879 778 externo
904 729 950 776 in
969 729 1097 778 suam

103 806 288 858 gentem
299 795 479 842 derivari
492 796 643 858 potest.

168 862 321 926 Legati
344 862 456 908 dum
469 873 652 908 venrunt
674 861 722 907 in
743 860 916 919 aulam,
951 860 1094 908 nemi·
1152 918 1161 922 -

103 943 209 973 nem
244 944 364 989 prius
396 927 571 973 visitent
595 943 731 990 quam
766 930 983 992 Regem,
1019 943 1097 989 per

48 1040 49 1044 ,
102 991 201 1039 suos
223 1004 373 1039 tamen
406 992 678 1047 secretarios,
715 1009 827 1057 quos
851 992 934 1039 fibi
945 992 1102 1040 devin-

102 1057 279 1105 ciendos
292 1060 494 1113 credent,
509 1076 582 1106 eos
595 1058 839 1106 visitabunt

170 1124 383 1172 Illicitum
403 1125 457 1172 fit
468 1125 614 1189 legatis
630 1125 828 1171 haerere
815 1142 860 1171 1n
881 1124 1099 1188 legatione

102 1189 263 1237 diutius
280 1226 292 1245 ,
336 1189 471 1256 quam
495 1204 715 1255 quantum
738 1191 986 1240 admittenti
1008 1190 1098 1253 pla-

103 1269 258 1303 cuerit.
1159 1316 1164 1319 .

170 1325 513 1387 Nonnunquam
538 1339 636 1387 quae
648 1322 695 1368 in
724 1322 932 1370 conviviis
945 1323 1109 1378 dicun—

103 1400 202 1443 tur,
239 1389 426 1452 decuplo
458 1392 625 1450 majora
641 1389 955 1451 judicabuntur
978 1389 1102 1452 quali

102 1468 438 1517 extemporanea
454 1492 464 1507 ,
493 1453 630 1519 quam
655 1472 753 1517 quae
784 1471 889 1501 cum
911 1472 1104 1517 praeme·

104 1522 237 1566 ditata
253 1521 516 1568 authoritate
527 1521 779 1574 dictasunt,
793 1521 891 1566 ideo
903 1521 1097 1584 aliquan-

106 1587 165 1633 do
187 1586 294 1632 adfit
322 1586 426 1634 laetis
440 1586 764 1662 congressibus,
792 1586 863 1633 sed
881 1587 1097 1660 tempesti-

104 1670 159 1700 ve
142 1650 215 1697 se
225 1652 416 1698 domum
428 1654 628 1716 recipiat,
642 1669 722 1699 nec
735 1651 891 1698 effusus
901 1651 975 1698 fit
964 1668 1010 1699 1n
1026 1653 1108 1715 jo»-

33 1721 39 1775 [
110 1735 183 1765 cos
198 1721 242 1764 &
256 1717 451 1764 nimium
466 1718 627 1764 lusum.

174 1784 326 1846 Legati
360 1800 451 1829 non
485 1783 783 1847 infrequenter
815 1782 1102 1845 speculatores

107 1849 184 1895 fibi
197 1847 435 1895 adsciscunt
446 1883 458 1901 ,
485 1848 543 1894 fic
555 1848 666 1894 inter
674 1848 842 1895 affeclas
857 1849 985 1913 legati
999 1883 1012 1903 ,
1039 1849 1100 1894 la-

106 1927 200 1961 tent
211 1914 423 1976 personati
441 1914 643 1961 homines
656 1948 669 1967 ,
697 1914 1002 1961 architecturae
1011 1916 1099 1961 rni-

109 1980 240 2026 litaris
254 1981 498 2042 peritiffimi
514 2015 524 2033 ‚
540 1980 616 2043 qui
627 1980 830 2028 fortalitia
840 1981 1100 2044 perlustrent

108 2045 334 2092 debiliores
347 2059 485 2110 partes
497 2046 771 2093 observaturi.

32 2167 34 2171 ,
175 2111 288 2157 Fidis
311 2112 389 2159 fibi
412 2112 614 2166 coriceis,
649 2129 742 2159 non
766 2111 1004 2160 munificus
1029 2110 1098 2158 so·

110 2177 299 2226 lument
310 2177 506 2244 legatus
514 2178 584 2226 sed
596 2176 985 2244 planeprodigah's.
940 2243 1029 2291 νᾶ

940 2246 999 2290 Vl
1033 2246 1132 2291 eat·
