<?xml version="1.0" encoding="UTF-8"?>
<!DOCTYPE html PUBLIC "-//W3C//DTD XHTML 1.0 Transitional//EN"
    "http://www.w3.org/TR/xhtml1/DTD/xhtml1-transitional.dtd">
<html xmlns="http://www.w3.org/1999/xhtml" xml:lang="en" lang="en">
 <head>
  <title>
</title>
<meta http-equiv="Content-Type" content="text/html;charset=utf-8" />
  <meta name='ocr-system' content='tesseract 3.04.00' />
  <meta name='ocr-capabilities' content='ocr_page ocr_carea ocr_par ocr_line ocrx_word'/>
</head>
<body>
  <div class='ocr_page' id='page_1' title='image "./andreaemaximilia00fred_0294.png"; bbox 0 0 1320 2490; ppageno 0'>
   <div class='ocr_carea' id='block_1_1' title="bbox 1264 200 1320 2105">
    <p class='ocr_par' dir='ltr' id='par_1_1' title="bbox 1264 200 1320 2105">
     <span class='ocr_line' id='line_1_1' title="bbox 1271 200 1320 458; baseline 0 -133"><span class='ocrx_word' id='word_1_1' title='bbox 1271 200 1320 458; x_wconf 95' lang='lat' dir='ltr'>    </span> 
     </span>
     <span class='ocr_line' id='line_1_2' title="bbox 1276 458 1320 593; baseline -0.136 1"><span class='ocrx_word' id='word_1_2' title='bbox 1276 458 1320 593; x_wconf 95' lang='lat' dir='ltr'>    </span> 
     </span>
     <span class='ocr_line' id='line_1_3' title="bbox 1275 593 1314 919; baseline 0 -126"><span class='ocrx_word' id='word_1_3' title='bbox 1275 593 1314 919; x_wconf 95' lang='lat' dir='ltr'>     </span> 
     </span>
     <span class='ocr_line' id='line_1_4' title="bbox 1276 919 1309 1114; baseline 0 -131"><span class='ocrx_word' id='word_1_4' title='bbox 1276 919 1309 1114; x_wconf 95' lang='lat' dir='ltr'>     </span> 
     </span>
     <span class='ocr_line' id='line_1_5' title="bbox 1286 1251 1298 1315; baseline 0 1175"><span class='ocrx_word' id='word_1_5' title='bbox 1286 1251 1298 1315; x_wconf 95' lang='lat' dir='ltr'> </span> 
     </span>
     <span class='ocr_line' id='line_1_6' title="bbox 1271 1577 1294 1775; baseline 0 -15"><span class='ocrx_word' id='word_1_6' title='bbox 1271 1577 1294 1775; x_wconf 95' lang='lat' dir='ltr'>    </span> 
     </span>
     <span class='ocr_line' id='line_1_7' title="bbox 1264 2041 1282 2105; baseline 0 0"><span class='ocrx_word' id='word_1_7' title='bbox 1264 2041 1282 2105; x_wconf 95' lang='lat' dir='ltr'>  </span> 
     </span>
    </p>
   </div>
   <div class='ocr_carea' id='block_1_2' title="bbox 273 141 1166 200">
    <p class='ocr_par' dir='ltr' id='par_1_2' title="bbox 273 141 1166 200">
     <span class='ocr_line' id='line_1_8' title="bbox 273 141 1166 200; baseline 0 -11"><span class='ocrx_word' id='word_1_8' title='bbox 273 142 368 200; x_wconf 77' lang='lat'>284</span> <span class='ocrx_word' id='word_1_9' title='bbox 404 141 679 187; x_wconf 73' lang='lat' dir='ltr'>ANDREAE</span> <span class='ocrx_word' id='word_1_10' title='bbox 715 141 873 186; x_wconf 74' lang='lat' dir='ltr'>MAx.</span> <span class='ocrx_word' id='word_1_11' title='bbox 911 142 1166 189; x_wconf 78' lang='lat' dir='ltr'>FREDRO</span> 
     </span>
    </p>
   </div>
   <div class='ocr_carea' id='block_1_3' title="bbox 263 225 1320 1732">
    <p class='ocr_par' dir='ltr' id='par_1_3' title="bbox 263 225 1320 1732">
     <span class='ocr_line' id='line_1_9' title="bbox 270 225 1286 294; baseline 0.001 -18"><span class='ocrx_word' id='word_1_12' title='bbox 270 234 414 292; x_wconf 82' lang='lat' dir='ltr'>Syrtes</span> <span class='ocrx_word' id='word_1_13' title='bbox 449 238 690 276; x_wconf 88' lang='lat' dir='ltr'>occurrunt</span> <span class='ocrx_word' id='word_1_14' title='bbox 713 265 726 284; x_wconf 95' lang='lat'><em>‚</em></span> <span class='ocrx_word' id='word_1_15' title='bbox 771 231 946 294; x_wconf 85' lang='lat' dir='ltr'>stupore</span> <span class='ocrx_word' id='word_1_16' title='bbox 988 248 1085 278; x_wconf 85' lang='lat' dir='ltr'>rem</span> <span class='ocrx_word' id='word_1_17' title='bbox 1138 225 1286 294; x_wconf 50' lang='lat' dir='ltr'>expe-⁹</span> 
     </span>
     <span class='ocr_line' id='line_1_10' title="bbox 270 295 1268 362; baseline 0.002 -21"><span class='ocrx_word' id='word_1_18' title='bbox 270 297 424 349; x_wconf 83' lang='lat' dir='ltr'>diunt,</span> <span class='ocrx_word' id='word_1_19' title='bbox 453 299 498 342; x_wconf 65' lang='grc' dir='ltr'>ὃς</span> <span class='ocrx_word' id='word_1_20' title='bbox 523 295 803 342; x_wconf 90' lang='lat' dir='ltr'>confundunt</span> <span class='ocrx_word' id='word_1_21' title='bbox 827 297 967 344; x_wconf 83' lang='lat' dir='ltr'>verius</span> <span class='ocrx_word' id='word_1_22' title='bbox 991 313 1080 343; x_wconf 89' lang='lat' dir='ltr'>non</span> <span class='ocrx_word' id='word_1_23' title='bbox 1106 310 1268 362; x_wconf 83' lang='lat' dir='ltr'>agunt,</span> 
     </span>
     <span class='ocr_line' id='line_1_11' title="bbox 268 359 1273 425; baseline 0.004 -18"><span class='ocrx_word' id='word_1_24' title='bbox 268 359 377 407; x_wconf 70' lang='lat' dir='ltr'>cum</span> <span class='ocrx_word' id='word_1_25' title='bbox 395 377 486 407; x_wconf 87' lang='lat' dir='ltr'>non</span> <span class='ocrx_word' id='word_1_26' title='bbox 499 360 714 407; x_wconf 88' lang='lat' dir='ltr'>confundi</span> <span class='ocrx_word' id='word_1_27' title='bbox 728 361 773 408; x_wconf 87' lang='lat' dir='ltr'>in</span> <span class='ocrx_word' id='word_1_28' title='bbox 783 362 965 410; x_wconf 79' lang='lat' dir='ltr'>adversis</span> <span class='ocrx_word' id='word_1_29' title='bbox 978 397 990 417; x_wconf 92' lang='lat'>‚</span> <span class='ocrx_word' id='word_1_30' title='bbox 1027 380 1107 411; x_wconf 85' lang='lat' dir='ltr'>nec</span> <span class='ocrx_word' id='word_1_31' title='bbox 1131 363 1273 425; x_wconf 83' lang='lat' dir='ltr'><strong>decipi</strong></span> 
     </span>
     <span class='ocr_line' id='line_1_12' title="bbox 267 424 1271 492; baseline 0.003 -20"><span class='ocrx_word' id='word_1_32' title='bbox 267 426 508 490; x_wconf 85' lang='lat' dir='ltr'>prosperis,</span> <span class='ocrx_word' id='word_1_33' title='bbox 545 424 703 474; x_wconf 64' lang='lat' dir='ltr'>verum</span> <span class='ocrx_word' id='word_1_34' title='bbox 729 428 971 475; x_wconf 86' lang='lat' dir='ltr'>constanter</span> <span class='ocrx_word' id='word_1_35' title='bbox 994 444 1146 492; x_wconf 82' lang='lat' dir='ltr'>agere,</span> <span class='ocrx_word' id='word_1_36' title='bbox 1172 429 1271 476; x_wconf 91' lang='lat' dir='ltr'>uni-</span> 
     </span>
     <span class='ocr_line' id='line_1_13' title="bbox 268 493 1282 557; baseline 0.003 -19"><span class='ocrx_word' id='word_1_37' title='bbox 268 508 375 539; x_wconf 91' lang='lat' dir='ltr'>cum</span> <span class='ocrx_word' id='word_1_38' title='bbox 389 494 541 557; x_wconf 88' lang='lat' dir='ltr'>magni</span> <span class='ocrx_word' id='word_1_39' title='bbox 563 493 716 547; x_wconf 83' lang='lat' dir='ltr'>animi,</span> <span class='ocrx_word' id='word_1_40' title='bbox 743 510 824 540; x_wconf 88' lang='lat' dir='ltr'>nec</span> <span class='ocrx_word' id='word_1_41' title='bbox 848 493 1002 541; x_wconf 87' lang='lat' dir='ltr'>fucatae</span> <span class='ocrx_word' id='word_1_42' title='bbox 1024 495 1193 542; x_wconf 89' lang='lat' dir='ltr'>virtutis</span> <span class='ocrx_word' id='word_1_43' title='bbox 1215 496 1282 557; x_wconf 40' lang='lat' dir='ltr'>fif</span> 
     </span>
     <span class='ocr_line' id='line_1_14' title="bbox 267 558 1270 626; baseline 0.004 -22"><span class='ocrx_word' id='word_1_44' title='bbox 267 574 415 623; x_wconf 86' lang='lat' dir='ltr'>gnum</span> <span class='ocrx_word' id='word_1_45' title='bbox 429 559 491 606; x_wconf 84' lang='lat' dir='ltr'>fit.</span> <span class='ocrx_word' id='word_1_46' title='bbox 518 558 617 606; x_wconf 81' lang='lat' dir='ltr'>Sola</span> <span class='ocrx_word' id='word_1_47' title='bbox 640 559 774 623; x_wconf 86' lang='lat' dir='ltr'>igitur</span> <span class='ocrx_word' id='word_1_48' title='bbox 785 561 1011 622; x_wconf 68' lang='lat' dir='ltr'>proveffio</span> <span class='ocrx_word' id='word_1_49' title='bbox 1023 576 1100 623; x_wconf 90' lang='lat' dir='ltr'>per</span> <span class='ocrx_word' id='word_1_50' title='bbox 1111 562 1270 626; x_wconf 84' lang='lat' dir='ltr'>gradus</span> 
     </span>
     <span class='ocr_line' id='line_1_15' title="bbox 268 624 1299 687; baseline 0.005 -18"><span class='ocrx_word' id='word_1_51' title='bbox 268 624 454 670; x_wconf 85' lang='lat' dir='ltr'>declarat</span> <span class='ocrx_word' id='word_1_52' title='bbox 475 628 520 672; x_wconf 86' lang='lat'>&amp;</span> <span class='ocrx_word' id='word_1_53' title='bbox 545 624 701 687; x_wconf 86' lang='lat' dir='ltr'>probat</span> <span class='ocrx_word' id='word_1_54' title='bbox 725 626 978 673; x_wconf 88' lang='lat' dir='ltr'>ministrum</span> <span class='ocrx_word' id='word_1_55' title='bbox 997 661 1014 681; x_wconf 74' lang='lat'>‚</span> <span class='ocrx_word' id='word_1_56' title='bbox 1053 643 1134 673; x_wconf 90' lang='lat' dir='ltr'>nec</span> <span class='ocrx_word' id='word_1_57' title='bbox 1158 627 1269 675; x_wconf 69' lang='lat' dir='ltr'>fallit</span> <span class='ocrx_word' id='word_1_58' title='bbox 1281 650 1299 686; x_wconf 57' lang='lat'>1³!</span> 
     </span>
     <span class='ocr_line' id='line_1_16' title="bbox 267 688 1266 758; baseline 0.003 -21"><span class='ocrx_word' id='word_1_59' title='bbox 267 689 523 752; x_wconf 79' lang='lat' dir='ltr'>Principem</span> <span class='ocrx_word' id='word_1_60' title='bbox 558 688 836 754; x_wconf 77' lang='lat' dir='ltr'>(praesertim</span> <span class='ocrx_word' id='word_1_61' title='bbox 862 692 972 738; x_wconf 86' lang='lat' dir='ltr'>circa</span> <span class='ocrx_word' id='word_1_62' title='bbox 997 693 1143 739; x_wconf 84' lang='lat' dir='ltr'>officia</span> <span class='ocrx_word' id='word_1_63' title='bbox 1166 709 1266 758; x_wconf 84' lang='lat' dir='ltr'>quae</span> 
     </span>
     <span class='ocr_line' id='line_1_17' title="bbox 268 754 1265 820; baseline 0.005 -19"><span class='ocrx_word' id='word_1_64' title='bbox 268 771 431 820; x_wconf 84' lang='lat' dir='ltr'>magna</span> <span class='ocrx_word' id='word_1_65' title='bbox 444 755 544 803; x_wconf 86' lang='lat' dir='ltr'>sunt</span> <span class='ocrx_word' id='word_1_66' title='bbox 555 791 567 810; x_wconf 89' lang='lat'>,</span> <span class='ocrx_word' id='word_1_67' title='bbox 584 768 659 803; x_wconf 88' lang='lat' dir='ltr'>aut</span> <span class='ocrx_word' id='word_1_68' title='bbox 671 754 694 803; x_wconf 76' lang='grc' dir='ltr'>ὲ</span> <span class='ocrx_word' id='word_1_69' title='bbox 706 757 865 820; x_wconf 86' lang='lat' dir='ltr'>quibus</span> <span class='ocrx_word' id='word_1_70' title='bbox 879 758 1130 805; x_wconf 77' lang='lat' dir='ltr'>ministrum</span> <span class='ocrx_word' id='word_1_71' title='bbox 1142 775 1265 806; x_wconf 89' lang='lat' dir='ltr'>amo·</span> 
     </span>
     <span class='ocr_line' id='line_1_18' title="bbox 263 820 1295 887; baseline 0.006 -21"><span class='ocrx_word' id='word_1_72' title='bbox 263 837 393 875; x_wconf 80' lang='lat' dir='ltr'>vere,</span> <span class='ocrx_word' id='word_1_73' title='bbox 419 822 450 868; x_wconf 88' lang='lat' dir='ltr'>fi</span> <span class='ocrx_word' id='word_1_74' title='bbox 462 822 508 869; x_wconf 92' lang='lat' dir='ltr'>in</span> <span class='ocrx_word' id='word_1_75' title='bbox 521 823 701 887; x_wconf 88' lang='lat' dir='ltr'>negotio</span> <span class='ocrx_word' id='word_1_76' title='bbox 722 823 964 886; x_wconf 84' lang='lat' dir='ltr'>displiceat,</span> <span class='ocrx_word' id='word_1_77' title='bbox 980 826 1125 886; x_wconf 85' lang='lat' dir='ltr'>postea</span> <span class='ocrx_word' id='word_1_78' title='bbox 1138 825 1270 872; x_wconf 78' lang='lat' dir='ltr'>multi</span> <span class='ocrx_word' id='word_1_79' title='bbox 1293 820 1295 827; x_wconf 63' lang='grc'>’</span> 
     </span>
     <span class='ocr_line' id='line_1_19' title="bbox 267 886 1286 953; baseline 0.005 -20"><span class='ocrx_word' id='word_1_80' title='bbox 267 886 323 933; x_wconf 82' lang='lat' dir='ltr'>fit</span> <span class='ocrx_word' id='word_1_81' title='bbox 334 887 489 934; x_wconf 84' lang='lat' dir='ltr'>laboris</span> <span class='ocrx_word' id='word_1_82' title='bbox 505 923 519 942; x_wconf 88' lang='lat'>,</span> <span class='ocrx_word' id='word_1_83' title='bbox 542 887 637 934; x_wconf 73' lang='lat' dir='ltr'>imo</span> <span class='ocrx_word' id='word_1_84' title='bbox 652 889 805 935; x_wconf 86' lang='lat' dir='ltr'>multae</span> <span class='ocrx_word' id='word_1_85' title='bbox 819 891 1027 936; x_wconf 85' lang='lat' dir='ltr'>molestiae</span> <span class='ocrx_word' id='word_1_86' title='bbox 1040 891 1084 937; x_wconf 88' lang='lat'>&amp;</span> <span class='ocrx_word' id='word_1_87' title='bbox 1097 892 1268 953; x_wconf 87' lang='lat' dir='ltr'>pericu·</span> <span class='ocrx_word' id='word_1_88' title='bbox 1284 935 1286 939; x_wconf 81' lang='grc'>,</span> 
     </span>
     <span class='ocr_line' id='line_1_20' title="bbox 266 952 1266 1020; baseline 0.004 -21"><span class='ocrx_word' id='word_1_89' title='bbox 266 952 300 999; x_wconf 91' lang='lat' dir='ltr'>li</span> <span class='ocrx_word' id='word_1_90' title='bbox 317 987 330 1006; x_wconf 95' lang='lat'>,</span> <span class='ocrx_word' id='word_1_91' title='bbox 357 956 400 1001; x_wconf 66' lang='grc' dir='ltr'>ὃς</span> <span class='ocrx_word' id='word_1_92' title='bbox 427 954 560 1001; x_wconf 88' lang='lat' dir='ltr'>fimul</span> <span class='ocrx_word' id='word_1_93' title='bbox 583 955 833 1018; x_wconf 84' lang='lat' dir='ltr'>Principem</span> <span class='ocrx_word' id='word_1_94' title='bbox 859 955 1038 1003; x_wconf 83' lang='lat' dir='ltr'>levitatis</span> <span class='ocrx_word' id='word_1_95' title='bbox 1061 955 1266 1020; x_wconf 83' lang='lat' dir='ltr'>arguat.)</span> 
     </span>
     <span class='ocr_line' id='line_1_21' title="bbox 268 1017 1289 1092; baseline 0.002 -26"><span class='ocrx_word' id='word_1_96' title='bbox 268 1017 388 1066; x_wconf 87' lang='lat' dir='ltr'>secus</span> <span class='ocrx_word' id='word_1_97' title='bbox 403 1022 573 1084; x_wconf 85' lang='lat' dir='ltr'>agendo</span> <span class='ocrx_word' id='word_1_98' title='bbox 587 1021 696 1084; x_wconf 91' lang='lat' dir='ltr'>quid</span> <span class='ocrx_word' id='word_1_99' title='bbox 709 1022 878 1068; x_wconf 85' lang='lat' dir='ltr'>mirum</span> <span class='ocrx_word' id='word_1_100' title='bbox 895 1026 910 1068; x_wconf 92' lang='lat'>?</span> <span class='ocrx_word' id='word_1_101' title='bbox 940 1023 973 1068; x_wconf 88' lang='lat' dir='ltr'>fi</span> <span class='ocrx_word' id='word_1_102' title='bbox 989 1022 1064 1068; x_wconf 86' lang='lat' dir='ltr'>fiat</span> <span class='ocrx_word' id='word_1_103' title='bbox 1075 1022 1289 1092; x_wconf 15' lang='lat' dir='ltr'>aliquan-⁷3</span> 
     </span>
     <span class='ocr_line' id='line_1_22' title="bbox 270 1085 1320 1150; baseline 0.009 -20"><span class='ocrx_word' id='word_1_104' title='bbox 270 1085 330 1131; x_wconf 91' lang='lat' dir='ltr'>do</span> <span class='ocrx_word' id='word_1_105' title='bbox 345 1120 358 1140; x_wconf 87' lang='lat'><em>,</em></span> <span class='ocrx_word' id='word_1_106' title='bbox 385 1099 436 1131; x_wconf 88' lang='lat' dir='ltr'>ut</span> <span class='ocrx_word' id='word_1_107' title='bbox 449 1086 701 1150; x_wconf 86' lang='lat' dir='ltr'>Principem</span> <span class='ocrx_word' id='word_1_108' title='bbox 715 1091 899 1149; x_wconf 81' lang='lat' dir='ltr'>poeniteat</span> <span class='ocrx_word' id='word_1_109' title='bbox 907 1085 1043 1149; x_wconf 75' lang='lat' dir='ltr'>fecisse</span> <span class='ocrx_word' id='word_1_110' title='bbox 1058 1088 1289 1150; x_wconf 69' lang='lat' dir='ltr'>hominem-&#39;3</span> <span class='ocrx_word' id='word_1_111' title='bbox 1319 1114 1320 1139; x_wconf 80' lang='lat'>1</span> 
     </span>
     <span class='ocr_line' id='line_1_23' title="bbox 270 1148 1320 1217; baseline 0.004 -21"><span class='ocrx_word' id='word_1_112' title='bbox 270 1148 448 1198; x_wconf 72' lang='lat' dir='ltr'>Verum</span> <span class='ocrx_word' id='word_1_113' title='bbox 485 1164 536 1198; x_wconf 87' lang='lat' dir='ltr'>ut</span> <span class='ocrx_word' id='word_1_114' title='bbox 570 1151 758 1215; x_wconf 59' lang='lat' dir='ltr'>practice</span> <span class='ocrx_word' id='word_1_115' title='bbox 794 1170 861 1201; x_wconf 85' lang='lat' dir='ltr'>res</span> <span class='ocrx_word' id='word_1_116' title='bbox 885 1153 1086 1201; x_wconf 85' lang='lat' dir='ltr'>brevibus</span> <span class='ocrx_word' id='word_1_117' title='bbox 1111 1164 1266 1217; x_wconf 84' lang='lat' dir='ltr'>pateat.</span> <span class='ocrx_word' id='word_1_118' title='bbox 1316 1172 1320 1206; x_wconf 70' lang='lat'>1</span> 
     </span>
     <span class='ocr_line' id='line_1_24' title="bbox 270 1218 1285 1283; baseline 0.003 -21"><span class='ocrx_word' id='word_1_119' title='bbox 270 1218 482 1265; x_wconf 60' lang='lat' dir='ltr'>Facturus</span> <span class='ocrx_word' id='word_1_120' title='bbox 496 1219 599 1266; x_wconf 86' lang='lat' dir='ltr'>belli</span> <span class='ocrx_word' id='word_1_121' title='bbox 610 1221 786 1266; x_wconf 85' lang='lat' dir='ltr'>Ducem</span> <span class='ocrx_word' id='word_1_122' title='bbox 805 1221 1024 1283; x_wconf 86' lang='lat' dir='ltr'>Princeps,</span> <span class='ocrx_word' id='word_1_123' title='bbox 1040 1237 1144 1267; x_wconf 84' lang='lat' dir='ltr'>eum</span> <span class='ocrx_word' id='word_1_124' title='bbox 1158 1236 1268 1282; x_wconf 84' lang='lat' dir='ltr'>prae-</span> <span class='ocrx_word' id='word_1_125' title='bbox 1284 1220 1285 1224; x_wconf 70' lang='grc'>’</span> 
     </span>
     <span class='ocr_line' id='line_1_25' title="bbox 271 1282 1265 1350; baseline 0.001 -20"><span class='ocrx_word' id='word_1_126' title='bbox 271 1282 422 1330; x_wconf 87' lang='lat' dir='ltr'>sertim</span> <span class='ocrx_word' id='word_1_127' title='bbox 435 1284 551 1348; x_wconf 82' lang='lat' dir='ltr'>legat</span> <span class='ocrx_word' id='word_1_128' title='bbox 565 1320 578 1339; x_wconf 94' lang='lat'><strong><em>,</em></strong></span> <span class='ocrx_word' id='word_1_129' title='bbox 607 1285 683 1348; x_wconf 89' lang='lat' dir='ltr'>qui</span> <span class='ocrx_word' id='word_1_130' title='bbox 702 1289 746 1332; x_wconf 61' lang='grc' dir='ltr'>ὃς</span> <span class='ocrx_word' id='word_1_131' title='bbox 758 1286 1011 1350; x_wconf 84' lang='lat' dir='ltr'>gregarium</span> <span class='ocrx_word' id='word_1_132' title='bbox 1025 1286 1137 1332; x_wconf 89' lang='lat' dir='ltr'>bene</span> <span class='ocrx_word' id='word_1_133' title='bbox 1150 1285 1241 1350; x_wconf 87' lang='lat' dir='ltr'>egit</span> <span class='ocrx_word' id='word_1_134' title='bbox 1251 1318 1265 1339; x_wconf 90' lang='lat'><strong>,</strong></span> 
     </span>
     <span class='ocr_line' id='line_1_26' title="bbox 271 1350 1320 1420; baseline 0.003 -26"><span class='ocrx_word' id='word_1_135' title='bbox 271 1352 317 1394; x_wconf 66' lang='grc' dir='ltr'>ὃς</span> <span class='ocrx_word' id='word_1_136' title='bbox 332 1350 617 1396; x_wconf 81' lang='lat' dir='ltr'>decurionem</span> <span class='ocrx_word' id='word_1_137' title='bbox 633 1385 645 1403; x_wconf 89' lang='lat'>‚</span> <span class='ocrx_word' id='word_1_138' title='bbox 661 1350 759 1397; x_wconf 80' lang='lat' dir='ltr'>dein</span> <span class='ocrx_word' id='word_1_139' title='bbox 774 1352 1096 1405; x_wconf 80' lang='lat' dir='ltr'>Centuriamm‚</span> <span class='ocrx_word' id='word_1_140' title='bbox 1115 1356 1159 1399; x_wconf 84' lang='lat'>&amp;</span> <span class='ocrx_word' id='word_1_141' title='bbox 1175 1367 1268 1397; x_wconf 85' lang='lat' dir='ltr'>ma·</span> <span class='ocrx_word' id='word_1_142' title='bbox 1314 1375 1320 1420; x_wconf 89' lang='lat'>]</span> 
     </span>
     <span class='ocr_line' id='line_1_27' title="bbox 264 1413 1320 1479; baseline 0.004 -21"><span class='ocrx_word' id='word_1_143' title='bbox 264 1413 384 1475; x_wconf 81' lang='lat' dir='ltr'>jores</span> <span class='ocrx_word' id='word_1_144' title='bbox 421 1414 651 1478; x_wconf 85' lang='lat' dir='ltr'>legionum</span> <span class='ocrx_word' id='word_1_145' title='bbox 686 1416 966 1462; x_wconf 61' lang='lat' dir='ltr'>PraefecturaS</span> <span class='ocrx_word' id='word_1_146' title='bbox 1001 1433 1079 1478; x_wconf 87' lang='lat' dir='ltr'>per</span> <span class='ocrx_word' id='word_1_147' title='bbox 1111 1416 1269 1479; x_wconf 82' lang='lat' dir='ltr'>gradus</span> <span class='ocrx_word' id='word_1_148' title='bbox 1311 1441 1320 1469; x_wconf 78' lang='lat'>1</span> 
     </span>
     <span class='ocr_line' id='line_1_28' title="bbox 270 1477 1320 1544; baseline 0.003 -20"><span class='ocrx_word' id='word_1_149' title='bbox 270 1477 641 1544; x_wconf 73' lang='lat' dir='ltr'>probeexegerit,</span> <span class='ocrx_word' id='word_1_150' title='bbox 675 1481 750 1543; x_wconf 87' lang='lat' dir='ltr'>qui</span> <span class='ocrx_word' id='word_1_151' title='bbox 762 1497 839 1542; x_wconf 88' lang='lat' dir='ltr'>per</span> <span class='ocrx_word' id='word_1_152' title='bbox 862 1482 1156 1535; x_wconf 65' lang='lat' dir='ltr'>velstafiones,</span> <span class='ocrx_word' id='word_1_153' title='bbox 1192 1497 1270 1543; x_wconf 86' lang='lat' dir='ltr'>per</span> <span class='ocrx_word' id='word_1_154' title='bbox 1296 1501 1320 1536; x_wconf 57' lang='grc' dir='ltr'>Ἐ</span> 
     </span>
     <span class='ocr_line' id='line_1_29' title="bbox 271 1545 1266 1611; baseline 0.002 -21"><span class='ocrx_word' id='word_1_155' title='bbox 271 1545 452 1592; x_wconf 73' lang='lat' dir='ltr'>statarias</span> <span class='ocrx_word' id='word_1_156' title='bbox 464 1562 656 1610; x_wconf 81' lang='lat' dir='ltr'>pugnas,</span> <span class='ocrx_word' id='word_1_157' title='bbox 682 1558 832 1593; x_wconf 87' lang='lat' dir='ltr'>contra</span> <span class='ocrx_word' id='word_1_158' title='bbox 853 1563 1032 1611; x_wconf 83' lang='lat' dir='ltr'>gravem</span> <span class='ocrx_word' id='word_1_159' title='bbox 1046 1547 1238 1610; x_wconf 83' lang='lat' dir='ltr'>peditatu</span> <span class='ocrx_word' id='word_1_160' title='bbox 1252 1580 1266 1600; x_wconf 89' lang='lat'><strong>,</strong></span> 
     </span>
     <span class='ocr_line' id='line_1_30' title="bbox 271 1612 1268 1677; baseline 0.003 -21"><span class='ocrx_word' id='word_1_161' title='bbox 271 1622 347 1656; x_wconf 78' lang='lat' dir='ltr'>aut</span> <span class='ocrx_word' id='word_1_162' title='bbox 371 1627 593 1674; x_wconf 83' lang='lat' dir='ltr'>equorum</span> <span class='ocrx_word' id='word_1_163' title='bbox 619 1612 845 1658; x_wconf 82' lang='lat' dir='ltr'>velocitate</span> <span class='ocrx_word' id='word_1_164' title='bbox 867 1623 1142 1677; x_wconf 81' lang='lat' dir='ltr'>pugnantem</span> <span class='ocrx_word' id='word_1_165' title='bbox 1186 1612 1268 1659; x_wconf 88' lang='lat' dir='ltr'>ho-</span> 
     </span>
     <span class='ocr_line' id='line_1_31' title="bbox 270 1676 1270 1732; baseline 0.003 -10"><span class='ocrx_word' id='word_1_166' title='bbox 270 1677 380 1723; x_wconf 88' lang='lat' dir='ltr'>stem</span> <span class='ocrx_word' id='word_1_167' title='bbox 407 1712 419 1731; x_wconf 85' lang='lat'>‚</span> <span class='ocrx_word' id='word_1_168' title='bbox 456 1677 732 1724; x_wconf 82' lang='lat' dir='ltr'>defendendo</span> <span class='ocrx_word' id='word_1_169' title='bbox 756 1676 829 1724; x_wconf 83' lang='lat' dir='ltr'>sua</span> <span class='ocrx_word' id='word_1_170' title='bbox 855 1713 868 1732; x_wconf 92' lang='lat'>,</span> <span class='ocrx_word' id='word_1_171' title='bbox 914 1690 989 1725; x_wconf 87' lang='lat' dir='ltr'>aut</span> <span class='ocrx_word' id='word_1_172' title='bbox 1032 1678 1270 1725; x_wconf 90' lang='lat' dir='ltr'>obfidendo</span> 
     </span>
    </p>
   </div>
   <div class='ocr_carea' id='block_1_4' title="bbox 264 1808 1320 2321">
    <p class='ocr_par' dir='ltr' id='par_1_4' title="bbox 264 1808 1320 2321">
     <span class='ocr_line' id='line_1_32' title="bbox 271 1808 1320 1874; baseline 0.003 -20"><span class='ocrx_word' id='word_1_173' title='bbox 271 1808 477 1871; x_wconf 86' lang='lat' dir='ltr'>equestris</span> <span class='ocrx_word' id='word_1_174' title='bbox 492 1809 660 1855; x_wconf 75' lang='lat' dir='ltr'>militiae</span> <span class='ocrx_word' id='word_1_175' title='bbox 671 1821 901 1858; x_wconf 86' lang='lat' dir='ltr'>momenta</span> <span class='ocrx_word' id='word_1_176' title='bbox 914 1845 928 1864; x_wconf 92' lang='lat'>‚</span> <span class='ocrx_word' id='word_1_177' title='bbox 942 1810 987 1857; x_wconf 91' lang='lat' dir='ltr'>in</span> <span class='ocrx_word' id='word_1_178' title='bbox 1001 1811 1180 1874; x_wconf 90' lang='lat' dir='ltr'>proprio</span> <span class='ocrx_word' id='word_1_179' title='bbox 1194 1845 1207 1865; x_wconf 91' lang='lat'>,</span> <span class='ocrx_word' id='word_1_180' title='bbox 1222 1810 1269 1858; x_wconf 90' lang='lat' dir='ltr'>in</span> <span class='ocrx_word' id='word_1_181' title='bbox 1302 1821 1320 1869; x_wconf 50' lang='lat' dir='ltr'>bl·</span> 
     </span>
     <span class='ocr_line' id='line_1_33' title="bbox 274 1873 1320 1941; baseline 0.003 -22"><span class='ocrx_word' id='word_1_182' title='bbox 274 1873 443 1922; x_wconf 87' lang='lat' dir='ltr'>hostico</span> <span class='ocrx_word' id='word_1_183' title='bbox 456 1875 661 1936; x_wconf 79' lang='lat' dir='ltr'>probatus</span> <span class='ocrx_word' id='word_1_184' title='bbox 674 1876 728 1921; x_wconf 88' lang='lat' dir='ltr'>fit</span> <span class='ocrx_word' id='word_1_185' title='bbox 738 1911 751 1930; x_wconf 93' lang='lat'>,</span> <span class='ocrx_word' id='word_1_186' title='bbox 778 1877 896 1922; x_wconf 89' lang='lat' dir='ltr'>unde</span> <span class='ocrx_word' id='word_1_187' title='bbox 922 1877 1125 1941; x_wconf 87' lang='lat' dir='ltr'>Princeps</span> <span class='ocrx_word' id='word_1_188' title='bbox 1139 1892 1269 1939; x_wconf 82' lang='lat' dir='ltr'>expe-</span> <span class='ocrx_word' id='word_1_189' title='bbox 1289 1891 1320 1935; x_wconf 53' lang='grc' dir='ltr'>’ᾗῃ</span> 
     </span>
     <span class='ocr_line' id='line_1_34' title="bbox 271 1939 1320 2007; baseline 0 -22"><span class='ocrx_word' id='word_1_190' title='bbox 271 1940 406 1986; x_wconf 71' lang='lat' dir='ltr'>riatur</span> <span class='ocrx_word' id='word_1_191' title='bbox 426 1939 553 1987; x_wconf 74' lang='lat' dir='ltr'>facile</span> <span class='ocrx_word' id='word_1_192' title='bbox 577 1941 678 1987; x_wconf 83' lang='lat' dir='ltr'>belli</span> <span class='ocrx_word' id='word_1_193' title='bbox 700 1941 1006 1988; x_wconf 86' lang='lat' dir='ltr'>administrum</span> <span class='ocrx_word' id='word_1_194' title='bbox 1030 1976 1043 1996; x_wconf 90' lang='lat'><strong>,</strong></span> <span class='ocrx_word' id='word_1_195' title='bbox 1083 1942 1267 2005; x_wconf 88' lang='lat' dir='ltr'>discipli·</span> <span class='ocrx_word' id='word_1_196' title='bbox 1300 1971 1320 2007; x_wconf 59' lang='lat' dir='ltr'>D*</span> 
     </span>
     <span class='ocr_line' id='line_1_35' title="bbox 272 2007 1244 2061; baseline 0.001 -8"><span class='ocrx_word' id='word_1_197' title='bbox 272 2021 376 2053; x_wconf 79' lang='lat' dir='ltr'>nam</span> <span class='ocrx_word' id='word_1_198' title='bbox 396 2007 592 2054; x_wconf 81' lang='lat' dir='ltr'>rnilitum</span> <span class='ocrx_word' id='word_1_199' title='bbox 603 2007 768 2054; x_wconf 83' lang='lat' dir='ltr'>servare</span> <span class='ocrx_word' id='word_1_200' title='bbox 778 2007 986 2055; x_wconf 85' lang='lat' dir='ltr'>scientem</span> <span class='ocrx_word' id='word_1_201' title='bbox 998 2042 1011 2061; x_wconf 91' lang='lat'><em>‚</em></span> <span class='ocrx_word' id='word_1_202' title='bbox 1026 2008 1071 2054; x_wconf 91' lang='lat' dir='ltr'>in</span> <span class='ocrx_word' id='word_1_203' title='bbox 1083 2007 1244 2055; x_wconf 83' lang='lat' dir='ltr'>adverfi</span> 
     </span>
     <span class='ocr_line' id='line_1_36' title="bbox 270 2071 1320 2138; baseline 0.006 -23"><span class='ocrx_word' id='word_1_204' title='bbox 270 2071 455 2117; x_wconf 79' lang='lat' dir='ltr'>consilio</span> <span class='ocrx_word' id='word_1_205' title='bbox 469 2075 514 2119; x_wconf 57' lang='grc' dir='ltr'>ὃς</span> <span class='ocrx_word' id='word_1_206' title='bbox 537 2074 707 2137; x_wconf 86' lang='lat' dir='ltr'>agendo</span> <span class='ocrx_word' id='word_1_207' title='bbox 720 2086 984 2138; x_wconf 86' lang='lat' dir='ltr'>prom-ptum</span> <span class='ocrx_word' id='word_1_208' title='bbox 998 2109 1012 2128; x_wconf 94' lang='lat'><strong><em>,</em></strong></span> <span class='ocrx_word' id='word_1_209' title='bbox 1037 2075 1083 2120; x_wconf 88' lang='lat' dir='ltr'>in</span> <span class='ocrx_word' id='word_1_210' title='bbox 1097 2075 1264 2121; x_wconf 88' lang='lat' dir='ltr'>hostico</span> <span class='ocrx_word' id='word_1_211' title='bbox 1300 2106 1320 2135; x_wconf 50' lang='grc' dir='ltr'>ΠΕ</span> 
     </span>
     <span class='ocr_line' id='line_1_37' title="bbox 273 2138 1320 2204; baseline 0.004 -21"><span class='ocrx_word' id='word_1_212' title='bbox 273 2153 364 2183; x_wconf 92' lang='lat' dir='ltr'>non</span> <span class='ocrx_word' id='word_1_213' title='bbox 377 2153 576 2200; x_wconf 84' lang='lat' dir='ltr'>rapacem</span> <span class='ocrx_word' id='word_1_214' title='bbox 590 2176 606 2195; x_wconf 87' lang='lat'><em>,</em></span> <span class='ocrx_word' id='word_1_215' title='bbox 629 2138 787 2187; x_wconf 74' lang='lat' dir='ltr'>verum</span> <span class='ocrx_word' id='word_1_216' title='bbox 800 2141 852 2187; x_wconf 89' lang='lat' dir='ltr'>ad</span> <span class='ocrx_word' id='word_1_217' title='bbox 862 2140 1050 2204; x_wconf 82' lang='lat' dir='ltr'>gloriam</span> <span class='ocrx_word' id='word_1_218' title='bbox 1065 2140 1129 2187; x_wconf 90' lang='lat' dir='ltr'>sui</span> <span class='ocrx_word' id='word_1_219' title='bbox 1143 2140 1262 2188; x_wconf 88' lang='lat' dir='ltr'>Prin·</span> <span class='ocrx_word' id='word_1_220' title='bbox 1297 2171 1320 2202; x_wconf 60' lang='lat' dir='ltr'>m</span> 
     </span>
     <span class='ocr_line' id='line_1_38' title="bbox 264 2201 1320 2271; baseline 0.002 -21"><span class='ocrx_word' id='word_1_221' title='bbox 264 2201 374 2264; x_wconf 72' lang='lat' dir='ltr'>cipis</span> <span class='ocrx_word' id='word_1_222' title='bbox 397 2205 441 2252; x_wconf 87' lang='lat'>&amp;</span> <span class='ocrx_word' id='word_1_223' title='bbox 461 2204 614 2267; x_wconf 90' lang='lat' dir='ltr'>populi</span> <span class='ocrx_word' id='word_1_224' title='bbox 635 2217 784 2255; x_wconf 87' lang='lat' dir='ltr'>totum</span> <span class='ocrx_word' id='word_1_225' title='bbox 820 2207 1260 2259; x_wconf 83' lang='lat' dir='ltr'>accommodantem,</span> <span class='ocrx_word' id='word_1_226' title='bbox 1296 2221 1320 2271; x_wconf 41' lang='lat' dir='ltr'>fg</span> 
     </span>
     <span class='ocr_line' id='line_1_39' title="bbox 1200 2287 1259 2321; baseline 0 -20"><span class='ocrx_word' id='word_1_227' title='bbox 1200 2287 1232 2321; x_wconf 73' lang='lat' dir='ltr'>U</span> <span class='ocrx_word' id='word_1_228' title='bbox 1253 2290 1259 2301; x_wconf 84' lang='lat'>.</span> 
     </span>
    </p>
   </div>
  </div>
 </body>
</html>
