1320 2490
251 129 354 175 1282
393 127 662 172 ANDREAE
697 126 853 170 MAx.
891 125 1141 170 Fas-nno
1242 0 1287 174 E.

260 217 390 264 beant
404 249 416 268 ,
449 214 558 259 dum
583 211 763 258 subinde
786 210 913 257 suave
935 211 1027 258 mel
1049 199 1287 272 portant32}
1311 215 1320 243 ἱ

253 281 471 328 Δῑηοτάεῃῖ
481 277 748 342 sanguifilgae
762 279 872 324 'dum
886 276 1066 339 prosunt
1078 310 1090 330 ,
1118 276 1252 323 etiam
1263 271 1287 323 ’ἷζε
1309 264 1320 334 s}

260 345 395 409 aliqui
410 344 652 391 hominum
677 340 786 390 cum
811 359 903 388 non
916 342 1079 388 fuerint
1089 342 1249 404 aliqua·
1269 326 1287 391 ἶ
1310 335 1320 376 1*

258 424 386 458 tenus
399 411 451 457 ad
464 411 643 475 gustum
657 443 670 462 ,
706 408 930 455 occafione
941 407 1070 454 altera
1079 388 1287 463 υῖίἷὲΠὶ-Ῐξ

256 477 450 539 -misaepe
467 477 517 522 -in
540 492 635 521 rem
650 476 838 521 nostram
852 473 1001 526 fuere,
1027 488 1075 518 ac
1098 484 1253 526 erunt,
1274 461 1287 528 ‘i
1319 529 1320 534 ¹

262 543 331 589 vel
346 543 378 589 fi
392 542 530 589 absmt
542 575 554 593 ‚
579 541 733 604 ingens
745 540 865 603 sequi
888 539 1038 586 debeat
1049 539 1254 600 privatim
1279 539 1286 594 'g

262 605 526 672 publiceque
541 623 691 652 rerum
709 607 892 668 jaEtura.
1318 660 1320 668 γ

329 674 400 720 Sic
422 684 569 719 utatur
590 672 791 734 Princeps
806 670 1118 717 ministrorum
1133 668 1254 733 inge-
1282 695 1286 697 ·

260 739 342 788 niis
362 754 444 801 pro
456 738 657 784 varietate
680 737 964 801 negotiorum
996 751 1253 782 accommo-
1284 762 1286 764 v

264 805 414 852 dandis
430 841 443 859 ,
458 803 592 850 veluti
606 803 731 865 periti
745 814 967 849 venatores
980 836 993 856 ‚
1016 817 1096 865 pro
1112 801 1254 863 cujus-

263 888 352 935 que
363 882 512 917 natura
523 885 645 916 canes
658 868 879 916 venationi
889 867 1121 921 adhibent,
1147 867 1252 915 alios
1286 887 1287 892 ¹

263 937 366 984 feris
388 936 639 999 indagandis
662 969 675 988 ,
723 935 827 981 alios
861 933 1111 998 sequendiS,
1147 933 1253 980 alios
1287 970 1289 972 v

261 1003 420 1049 deinde
428 1001 686 1048 'falconarios
697 1035 710 1054 ,
726 1001 828 1047 alios
845 1000 1063 1063 aquaticos
1078 999 1252 1053 habent,

260 1068 323 1115 fic
341 1068 514 1132 ingenia
526 1067 843 1120 ministrorum,
858 1066 979 1112 velut
989 1066 1252 1111 instrumen-

263 1146 307 1182 ta
327 1135 441 1180 varia
464 1134 510 1179 in
532 1146 652 1197 parte
676 1133 856 1195 seposita
877 1131 1030 1178 habeat
1049 1131 1254 1193 Princeps

262 1217 346 1264 pro
360 1212 509 1246 natura
520 1198 732 1263 cujusque
752 1197 1155 1250 accommodanda,
1182 1211 1254 1242 ve-

261 1268 330 1314 lut
342 1267 516 1330 negotia
527 1266 780 1328 exequenda
792 1264 836 1311 se
846 1263 1050 1310 offerunt.
1069 1263 1154 1308 Sed
1167 1261 1256 1308 hoc

261 1331 389 1378 facile
401 1344 629 1393 utcunque
640 1331 693 1376 fit
705 1365 718 1384 ,
745 1332 855 1377 dum
868 1330 1071 1392 Princeps
1084 1327 1253 1392 perspe-

263 1398 334 1444 ἃᾶ
358 1397 531 1459 ingenia
554 1397 736 1442 suorum
751 1395 907 1448 habet,
931 1411 1017 1455 pro
1026 1393 1253 1455 capacitate

264 1467 418 1525 (prout
429 1462 561 1523 opus)
577 1461 626 1506 iis
638 1460 817 1513 usurus,
838 1457 998 1505 verum
1012 1457 1250 1504 illudmul-

262 1529 294 1574 ti
310 1527 493 1577 laboris:
519 1526 771 1588 Qomodo
794 1525 865 1571 illa
887 1525 1043 1586 probet
1063 1525 1181 1586 prius
1206 1526 1252 1570 ὃς

260 1592 488 1657 pernoscat
502 1595 517 1638 ?
541 1607 647 1637 cum
661 1603 810 1637 amant
823 1591 1019 1653 plerique
1029 1601 1176 1653 tegere
1187 1590 1252 1636 vi-

261 1660 319 1706 tia
334 1662 378 1706 &
392 1659 623 1721 ingenium
633 1657 871 1703 subdolum
882 1655 1092 1702 occulunt
1105 1690 1118 1709 ,
1142 1671 1252 1717 prae-

263 1735 388 1772 textu
399 1723 569 1770 virtutis
582 1723 725 1785 prima
737 1721 941 1785 obsequia
951 1719 1158 1784 prompte
1174 1738 1250 1767 ex-

262 1791 510 1854 pedientes,
530 1800 580 1835 ut
590 1790 774 1852 gratiam
800 1787 1008 1850 Principis
1030 1788 1250 1850 affequan-

261 1869 358 1909 tur,
397 1872 508 1903 mox
530 1855 725 1918 erupturi
761 1855 806 1900 in
830 1853 970 1900 malos
991 1854 1102 1899 dum
1127 1853 1247 1900 sum-

262 1938 336 1968 ma
359 1922 676 1983 adipiscuntur3
716 1920 846 1966 Varia
870 1919 992 1966 variis
1014 1920 1060 1966 in
1084 1936 1136 1965 eo
1158 1919 1247 1981 pla-

258 1999 398 2040 ceant,
414 1987 529 2033 mihi
540 1987 640 2032 alibi
651 2001 784 2049 pauca
795 1985 946 2032 dixifl'e
957 2020 969 2039 ‚
982 1998 1057 2032 aut
1068 1984 1142 2030 hic
1152 1985 1249 2031 uni·
1317 1992 1320 2027 1

262 2068 368 2098 cum
384 2053 611 2099 insinuasse
621 2052 820 2108 sufficiat,
830 2051 1028 2098 videlicet
1040 2071 1052 2105 3
1066 2062 1116 2096 ut
1126 2050 1248 2097 Prin-

259 2133 360 2180 ceps
372 2119 482 2164 Non
499 2116 617 2179 saltu,
616 2118 687 2182 sed
697 2132 763 2181 per
783 2116 935 2181 gratim
961 2116 984 2162 ὲ
996 2116 1132 2179 parvis
1145 2133 1247 2163 mu-

258 2182 432 2231 neribus
456 2183 509 2230 ad
529 2186 696 2247 majora
719 2183 877 2232 sensim
903 2184 1121 2232 ministros
1144 2199 1246 2244 pro-

1090 2248 1244 2302 vehat,
