1320 2490
258 101 939 148 SCRIPT.FRAG:*12NTA.
1003 116 1102 164 273·

108 182 281 232 furtivis
293 184 609 232 velitationibus
625 188 668 233 &
682 184 895 231 celeritate
904 192 983 247 pei·
997 186 1100 232 stra·

109 260 326 313 tagemata
347 250 611 305 clarescunt,
632 249 728 298 imo
757 266 865 297 cum
887 251 1101 314 aliquibus

110 316 236 361 unica
257 332 348 362 non
363 286 739 382 succeffitpiigna‚
763 317 988 363 occasione
999 316 1103 363 alte-

109 396 155 425 ra
189 380 310 428 tanto
345 383 484 446 magis
506 384 745 444 probavere
765 382 809 428 se
844 383 1118 446 Imperatori

111 445 215 500 suo,
252 447 345 509 quo
370 464 510 511 magis
533 465 556 492 a
579 448 838 494 conscientia
873 448 1110 510 praeteritae

51 511 57 540 ῑ
112 511 292 574 ignaviae
327 514 372 559 in
408 513 564 559 fortius
598 512 768 559 fastum
806 513 1100 588 urgebantur,

111 576 288 624 fortuna
311 595 466 641 anceps
484 579 579 632 est,
615 591 720 625 tum
752 580 879 643 vigor
900 580 1036 625 animi
1057 580 1103 626 in

47 667 49 672 ¹
112 643 288 704 optimis
312 660 635 707 nonnunquam
657 644 859 691 subsidet.
896 648 1012 692 Item
1036 645 1109 692 alii

45 745 48 748 .
115 721 262 756 contra
287 710 408 756 hunc
432 711 629 764 hostem,
656 711 726 756 alii
747 724 896 757 contra
918 711 1108 758 alterum

43 786 47 828 g
114 775 258 821 valent
271 811 283 829 ,
307 776 429 824 aliter
440 776 560 822 enim
574 789 724 822 contra
736 776 916 838 Scythas
930 780 974 823 &a
985 779 1105 823 Tur·

41 855 46 888 ῖ
115 854 181 885 cas
206 840 416 894 bellatur,
455 841 577 887 aliter
601 855 752 887 contra
776 842 1076 889 Moschovitas
1091 876 1103 895 ‚

39 907 43 948 ;
114 917 244 967 atque
265 906 388 952 aliter
408 919 558 952 contra
582 910 830 953 Germanos
846 941 858 960 ,
897 905 1009 953 dum
1035 909 1122 954 alii*

38 998 42 1007 v
115 972 343 1018 velocitate
366 988 585 1036 equorum
609 985 832 1036 pugnant,
855 973 925 1018 alii
949 973 1107 1019 robore

115 1037 315 1098 peditum
339 1038 596 1092 abundant,
631 1039 721 1084 aliis
756 1038 974 1091 celeritas,
1010 1039 1103 1085 aliis

115 1104 337 1150 cunetatio
349 1121 430 1166 pro
440 1105 604 1150 ratione
616 1104 804 1150 bellandi
816 1103 954 1157 sunt,
942 1120 988 1149 1n
1001 1103 1112 1150 alios

119 1167 336 1230 impetus,
351 1171 396 1215 in
410 1169 513 1215 alios
531 1171 800 1222 morav,alet
823 1169 868 1215 in
882 1169 965 1215 hos
988 1171 1107 1216 mul-

119 1245 217 1279 tum
243 1252 297 1280 ex
309 1252 336 1280 v
339 1235 380 1291 i,
404 1236 450 1281 in
475 1236 572 1281 illos
585 1236 683 1298 plus
697 1253 751 1282 ex
773 1248 862 1281 arte
874 1236 1105 1282 utendum

118 1302 293 1362 Campo
317 1272 473 1347 deinde
497 1302 571 1347 hic
595 1305 639 1348 &
662 1301 816 1363 apertis
838 1301 970 1346 artnis
984 1316 1106 1347 com-

119 1365 297 1419 modus,
311 1367 581 1430 acquirendis
593 1367 667 1412 ille
678 1379 750 1412 aut
760 1366 993 1412 retinendis
1007 1383 1110 1412 11111

120 1431 384 1486 ustionibus,
410 1443 508 1478 tum
534 1433 734 1496 regendis
761 1431 975 1477 machinis
988 1431 1109 1477 belli·

121 1495 206 1550 cis,
231 1500 273 1545 &
290 1499 491 1561 jaciendo
515 1515 570 1544 ex
594 1511 682 1544 arte
706 1498 818 1544 vallo
844 1498 1002 1543 melior
1023 1498 1111 1549 est⁹

121 1562 422 1610 demumalter
444 1565 669 1610 maritimo
682 1564 822 1615 bello,
849 1562 1032 1609 terrestri
1053 1563 1114 1608 al-

123 1638 187 1672 ter
196 1628 403 1675 usui-,imo
417 1630 524 1675 alter
537 1630 666 1675 habet
682 1629 857 1675 consilia
868 1628 1115 1681 'Parmalter

126 1694 229 1739 Beni
243 1729 255 1748 ,
273 1708 421 1741 cautus
434 1695 572 1758 magis
586 1707 660 1740 aut
672 1695 809 1740 audax
824 1728 836 1746 ‚
861 1694 967 1739 alter
975 1695 1111 1740 vitan-

124 1759 188 1805 dis
216 1795 227 1814 ,
272 1762 380 1807 alter
400 1760 697 1822 propulsandis
720 1759 909 1806 cladibus
931 1763 975 1806 Sc
996 1760 1114 1805 bello

123 1829 319 1888 praestat,
355 1828 461 1874 alius
474 1826 594 1873 velut
616 1832 774 1872 Scmum
798 1826 976 1888 populi,
1010 1825 1120 1871 alter

125 1893 184 1937 est
204 1894 325 1941 velut
352 1893 533 1941 Gladim
557 1904 691 1955 prout
706 1890 881 1937 Fabium
909 1894 954 1939 ὃς
981 1893 1115 1938 Mar-

123 1959 264 2007 cellum
289 1977 367 2022 per
385 1962 574 2006 virtutes
589 1957 690 2004 belli
701 1957 926 2021 distinguit
949 1957 1118 2004 Plutar-

128 2025 253 2073 chus.
286 2029 489 2072 Demum
514 2025 546 2071 11
570 2040 808 2088 peromma
830 2039 964 2070 manu
992 2039 1120 2087 agere

128 2108 220 2139 non
243 2093 296 2138 ht
318 2092 443 2138 alicui
464 2102 752 2154 promptum,
778 2089 960 2136 connlio
970 2101 1120 2135 tamen

126 2158 269 2206 dando
281 2158 522 2222 probatur,
540 2156 627 2204 vidi
638 2155 830 2220 aliquos,
856 2172 964 2204 cum
989 2170 1129 2265 agegt·

1089 2234 1121 2265 o
