1320 2490
1277 0 1316 110 ἲ

249 135 340 181 320
384 116 657 162 ANDREAE
692 115 847 161 MAx.
885 116 1138 162 Fnrnno
1273 127 1302 179 33

240 207 390 270 abjicit
407 205 558 251 viator.
585 206 656 252 Sic
667 205 803 269 gratia
818 205 1007 269 profecit
1018 215 1238 269 quantum
1284 219 1320 257 :v

238 274 302 319 vis
317 287 407 318 non
422 271 640 333 potuisset.
670 271 855 318 Suasurn
869 272 928 318 fit
938 271 1098 335 cuique
1109 260 1306 343 Prin-‘⁴3

237 338 391 400 cipi‚ut
402 354 479 400 per
490 337 694 384 molliora
705 354 810 384 cum
825 337 903 384 fibi
912 337 1115 400 subjed’tis
1125 346 1240 401 agat,
1276 383 1277 386 ,
1290 344 1303 385 's''

236 404 423 450 filialiter
446 404 588 467 magis
618 402 756 468 quam
779 403 987 452 serviliter
1010 421 1083 451 eos
1095 403 1233 449 ·habi-
1290 434 1294 457 ‚-

234 481 428 524 turus‚ea
440 481 588 515 tamen
607 470 925 523 moderatione,
940 487 996 516 ne
1008 469 1122 516 infra
1135 471 1242 515 Ma·
1285 483 1297 533 ᾗ,

232 537 434 600 jestatem
449 534 580 581 effusa
592 536 766 582 lenitate
777 535 820 582 se
831 536 1028 599 abjiciat,
1042 537 1236 582 imitatu-
1292 536 1299 587 ‚¹

236 619 309 648 rus
324 601 480 654 solem,
497 602 574 663 qui
589 619 643 649 ex
656 602 744 648 alto
757 603 906 656 radiat,
922 619 1001 649 nec
1014 601 1247 648 descendit
1282 607 1289 614 '

235 679 384 714 tamen
400 702 413 720 ,
440 683 494 713 ne
519 667 551 713 fi
566 668 698 715 nimis
723 668 987 730 proximum
999 667 1232 715 seinferio-

234 733 352 780 ribus
366 734 623 780 admoveret
636 768 649 788 ,
675 746 749 780 aut
761 734 1044 781 combureret
1053 734 1206 781 omnia
1221 769 1238 790 ,
1289 739 1308 750 ”

234 812 308 846 aut
331 799 471 846 radios
533 803 552 860 ζ
568 801 644 863 qui
669 800 763 847 vim
798 801 852 847 ad
888 800 1243 847 calefaciendum⁴
1296 854 1299 858 ,

236 865 429 912 distantia
450 868 645 924 acuunt)
684 866 938 930 intorquere
976 879 1076 913 tum
1101 866 1234 913 hebe-
1303 881 1315 884 ··

235 932 352 978 fcere
364 943 547 996 cogatur
560 966 572 985 ,
602 932 663 979 sic
675 932 878 995 Princeps
903 934 1014 979 dum
1029 933 1234 979 humani·
1296 975 1300 983 .

238 1008 304 1044 ter
316 998 406 1061 agit
418 1032 430 1051 ,
448 1013 538 1044 non
552 1009 700 1044 tamen
726 999 889 1046 oblitus
902 999 956 1044 fit
968 998 1122 1045 debitae
1136 1016 1233 1064 gra·

234 1064 375 1110 vitatis
389 1099 402 1117 ,
418 1080 516 1127 quae
531 1061 584 1110 eo
596 1065 760 1129 gratior
773 1065 941 1128 populo
955 1099 967 1118 ,
984 1062 1076 1129 quo
1092 1066 1234 1130 magis

234 1146 293 1176 ex
325 1131 415 1177 alto
449 1130 628 1176 veniens
643 1166 656 1184 ‚
694 1131 1008 1178 humilioribus
1043 1129 1232 1195 gratiose

234 1195 606 1242 communicatur.
645 1197 717 1243 Sic
752 1199 1057 1260 mancipantur
1090 1214 1230 1260 popu·
1284 1247 1302 1263 ,ἶ

233 1262 383 1308 lorum
395 1262 532 1308 animi
548 1264 591 1308 ὃς
603 1263 840 1310 trahuntur
853 1263 898 1309 in
911 1280 1081 1310 amores
1107 1264 1232 1311 Prin·
1301 1286 1306 1291 ¹

232 1328 355 1389 cipis,
368 1339 630 1389 promptum
647 1346 752 1391 pace
764 1332 807 1376 &
822 1329 940 1375 bello
953 1328 1228 1393 obsequium,

233 1396 278 1440 &
293 1409 570 1456 quaecunque
584 1396 673 1441 voti
685 1394 750 1440 sui
762 1392 863 1440 sunt
875 1429 888 1447 ,
903 1395 1015 1440 intra
1027 1411 1231 1441 amorem

233 1458 434 1505 oblaturi.
473 1460 583 1505 Non
600 1460 816 1524 ignoravit
840 1477 939 1506 eam
964 1460 1110 1524 gratiae
1133 1461 1229 1508 vim

240 1523 465 1585 Stephanus
480 1524 696 1573 Bathorews
714 1528 819 1572 Rex
831 1527 975 1572 noster
989 1561 1001 1580 ‚
1017 1527 1094 1590 qui
1106 1526 1233 1573 belli.

234 1589 360 1636 cosus
387 1591 592 1653 Princeps
616 1591 726 1638 dum
740 1592 843 1638 effet
856 1627 869 1646 ,
896 1592 1040 1639 dicere
1050 1592 1228 1640 solebat:

232 1659 284 1703 Se
312 1669 368 1702 tot
391 1660 571 1722 equitum
599 1671 751 1705 turmaes
769 1656 854 1720 fine
876 1658 1022 1721 publici
1056 1664 1138 1707 «τίς
1167 1658 1233 1707 di-

224 1721 382 1789 spendio
407 1726 449 1770 in
464 1726 589 1771 aciem
612 1723 769 1771 educere
775 1721 883 1787 poffe
899 1756 911 1778 ‚
937 1730 1092 1791 quoties
1115 1721 1233 1789 poffi’t

229 1788 524 1838 accommodata
536 1793 580 1836 in
595 1808 676 1838 rem
690 1791 825 1837 vultm
837 1789 1054 1855 serenitate
1067 1822 1079 1845 ,
1097 1793 1232 1842 levare

225 1854 522 1918 pileum?Cum
535 1856 654 1903 enim
669 1856 848 1903 haberet
859 1857 904 1903 in
918 1857 1068 1912 usu‚ut
1079 1858 1122 1905 se
1134 1875 1228 1906 non

226 1919 529 1982 infrequenter
559 1923 913 1970 communicaret
937 1924 1226 1988 Optimamm

227 1987 503 2035 convictibus
520 2024 533 2043 ,
548 1989 668 2036 hunc
680 1989 841 2036 blando
854 1990 1050 2054 alloquio
1065 2026 1078 2045 ,
1092 1991 1226 2038 illum

225 2051 314 2098 leni
333 2052 508 2115 aspectu
523 2089 537 2109 ‚
561 2056 699 2102 alium
715 2071 825 2102 nutu
842 2091 854 2110 ,
879 2056 1075 2122 singulos
1088 2058 1227 2105 verbo

225 2117 484 2183 dignabatur
496 2156 509 2175 ‚
526 2125 709 2170 comitate
730 2133 784 2174 Φ
800 2124 984 2188 alloquibs
1000 2125 1123 2186 officia
1136 2138 1228 2187 ρνι)α

225 2196 394 2242 vocans,
406 2198 508 2236 tum
528 2189 575 2237 in
589 2190 732 2255 majus
744 2202 1061 2256 argumentum
1074 2190 1227 2303 grain}

1122 2260 1140 2319 (
1163 2271 1187 2302 e
