1320 2490
219 104 913 152 S‘CR1PT.FRAGQ«1ENTA.
987 117 1092 164 295*

5 212 7 217 ’
78 193 238 258 pendat
252 229 265 248 ‚
288 206 340 241 ut
363 211 440 258 per
453 193 792 258 aequitatemvnil
817 206 1081 258 extorquere

82 261 206 307 liceat
225 259 365 322 supra.
403 261 448 307 Si
473 258 579 306 vero
604 260 688 307 fint
708 260 842 323 aliqui
867 260 1081 335 aequitatis

84 326 341 381 violatores,
377 339 470 374 tam
492 327 646 390 iniquo
674 327 776 389 jure
797 327 969 389 tyranni
993 327 1094 374 effe

85 393 294 455 possunt
283 409 329 438 ιιι
340 391 465 445 sum,
478 391 629 471 quam
651 391 777 438 vestri
805 398 822 453 (
837 392 1082 440 fieveniant·

87 457 260 515 mali)
247 475 292 504 ιιι
316 475 420 512 vos,
446 474 565 504 cum
577 458 745 505 annales
782 458 903 504 vestri
926 459 1085 519 paffirn

87 523 227 571 malos
250 539 299 569 ac
311 523 450 570 bonos
477 524 697 586 Principes
720 523 842 569 vobis
865 524 990 570 fuisse
1009 540 1081 587 pa

88 590 177 636 lam
190 589 423 643 testantur,
450 605 592 664 eoque
604 588 792 654 graviori
801 589 850 634 in
863 605 939 636 vos
951 589 1082 636 servi-

86 666 196 709 tute,
211 671 304 718 quo
316 656 457 734 magis
470 656 516 702 in
529 672 744 720 ingenuos
758 655 828 701 illa
841 667 1082 709 exercetur,

96 723 238 767 nostra
250 719 353 767 vero
366 721 618 783 plebecula,
647 721 725 767 nin
748 722 801 767 ad
825 721 1093 768 inferiorem«

90 787 264 850 parendi
287 787 450 834 sortem
463 800 561 834 nata
572 788 655 840 est,
671 804 750 833 nec
762 800 903 834 totam
915 787 1087 834 llberth-

90 865 184 900 tem
197 853 463 900 viveresciat.
501 853 742 906 Sunt-aliis,
767 853 984 900 suntitem
997 853 1085 900 mi-

91 918 149 965 hi·
162 935 243 981 pro
257 935 356 965 mea
366 918 481 965 sorte
508 918 601 980 (sed
604 920 754 1000 magis
777 936 855 981 per
880 924 962 967 Dei
985 936 1084 993 gra-

92 985 198 1031 tiam
226 1016 241 1038 ,
276 984 361 1048 qui
391 983 616 1048 suscitat
595 1002 620 1031 a
648 999 760 1032 terra
769 989 971 1047 inopem,
1007 984 1086 1050 qui

96 1050 317 1114 Esurienees
329 1053 512 1114 implevit
527 1049 657 1113 honis)
694 1051 730 1097 Γ
716 1066 794 1098 1nt
818 1052 1002 1115 inquam
1014 1068 1084 1098 ca-

93 1116 235 1170 stella,
262 1115 362 1163 sunt
386 1134 510 1170 rura,
535 1116 635 1163 iunt
655 1117 838 1170 subditi,
877 1133 956 1163 cui
976 1131 1086 1181 ergo

91 1181 343 1229 insolentius
355 1198 478 1229 meos
493 1182 673 1228 habeam
691 1216 704 1235 ,
729 1182 837 1229 cum
860 1181 991 1229 sciam
1006 1182 1088 1230 hos

98 1248 215 1294 mihi
228 1248 347 1294 datos
360 1246 382 1293 a
393 1251 492 1294 Deo
507 1282 519 1301 ,
535 1251 578 1295 &
590 1265 666 1294 me
679 1248 809 1294 fimul
824 1249 975 1295 datum
987 1248 1086 1302 illis,

96 1314 159 1359 illi
184 1314 299 1359 mihi
323 1313 671 1375 subjeffionem,
696 1330 779 1376 ego
803 1314 1025 1360 viciffim
1010 1330 1085 1376 Ju-

96 1379 249 1425 stum
239 1396 284 1424 ιιι
312 1396 385 1425 eos
410 1378 662 1425 dominium
691 1385 708 1440 (
726 1396 816 1425 non
837 1393 956 1425 eYtra
971 1380 1092 1442 leges
1114 1396 1134 1458 ἰ

97 1443 370 1490 conscientiae
385 1445 402 1501 >
417 1444 582 1497 debeo,
596 1446 660 1490 uti
647 1462 751 1508 ique
763 1461 840 1491 nos
857 1445 987 1492 etiam
1001 1448 1087 1491 Po-

98 1509 220 1564 loni,
245 1511 537 1557 Barbarorum
562 1513 607 1557 δί
631 1510 915 1557 immanitatis
940 1511 1104 1558 nomi·-

99 1593 178 1628 ιη,
192 1593 285 1622 non
297 1576 408 1622 intra
418 1576 596 1621 honesta
605 1576 838 1622 titulorum
853 1577 1061 1637 ponimus
1076 1609 1089 1629 ,

99 1639 223 1704 aeque
260 1641 385 1689 nobis
418 1641 552 1688 virtus
589 1642 748 1695 cordi,
786 1641 983 1689 honestas
1017 1642 1091 1688 de-

102 1707 209 1753 cori.

168 1776 254 1819 Pro
272 1772 428 1819 divitiis
451 1773 593 1837 gentis
616 1788 706 1818 non
730 1772 910 1836 loquar,
936 1770 1094 1820 necsu-
1122 1779 1225 1823 oter

100 1839 258 1902 perbus
283 1838 529 1902 gloriabor,
562 1838 747 1885 habeant
771 1839 849 1885 fibi
873 1839 944 1885 alii
968 1839 1097 1902 quid-
1119 1834 1242 1875 Vm&

101 1904 231 1968 quid
219 1921 264 1950 m
276 1904 429 1953 loculis
444 1905 516 1951 vol
522 1917 623 1957 unt
646 1904 772 1950 nobis
783 1905 965 1951 sufficiat
975 1905 1100 1967 cop'n

101 1971 308 2020 virorum
323 1970 574 2017 inexhausta
588 2005 600 2024 ,
628 1971 751 2033 copia
764 1970 978 2017 frumenti
992 2005 1005 2025 ‚
1032 1971 1097 2020 fii-

103 2037 180 2089 lis,
203 2052 446 2099 pecorum,
473 2037 654 2090 ovium,
686 2035 902 2099 piscium,
923 2036 1065 2083 mellis
1079 2072 1093 2092 ‚

103 2102 239 2156 lanae,
280 2102 509 2157 cannabis,
549 2102 654 2156 lini,
689 2119 937 2176 equorum,
963 2101 1065 2149 ferri
1079 2137 1110 2157 ,

104 2167 304 2239 plumbi,
317 2167 553 2223 arborum,
568 2169 671 2215 nitri
685 2202 699 2223 ,
726 2169 935 2222 omnium
947 2168 1094 2280 siffer-

574 2236 623 2284 N
662 2251 688 2297 7
1019 2249 1111 2289 ua,
