1320 2490
220 98 294 158 78
350 99 622 145 ANDREAE
657 96 812 142 MAx.
853 96 1102 142 Fannao

218 180 361 237 nam)
394 175 545 224 sedulo
560 177 734 231 obibat,
759 178 868 225 item
894 179 942 226 in
967 178 1147 242 agmine
1166 176 1212 225 in

219 245 373 319 primis
388 240 560 295 modo,
586 240 764 289 modo
752 261 798 290 1n
822 245 1074 306 postremis,
1104 243 1215 305 saepe

221 311 269 357 in
282 308 431 356 medio
443 308 601 362 aderat,
615 325 671 354 ne
684 309 918 372 quisquam
929 310 1083 356 ordine
1093 325 1216 382 egre-

221 375 424 429 deretur,
448 373 519 420 sed
531 385 582 420 ut
602 390 709 421 cum
732 375 864 440 fignis
878 373 1165 439 frequentes
1152 391 1219 420 111-

222 441 426 488 cederent
437 440 638 496 motabat.
687 442 823 488 Miles
853 440 989 488 cibum
1026 448 1083 491 &'
1107 454 1220 488 arma

164 508 178 576 ζ
216 519 376 580 portare
398 503 587 568 neceffum
624 505 803 554 babebat.
838 509 945 580 Qa
967 506 1220 553 dexteritate

223 571 393 626 effecit,
408 582 459 618 ut
471 572 683 619 exercitus
697 572 770 619 ille
781 589 858 635 qui
847 572 949 619 sub
959 573 1221 619 anteceffore

222 638 469 702 mfifugere
481 637 684 691 sciverat,
704 654 754 684 ac
778 638 888 689 sub
872 655 1042 718 jugum
1066 639 1219 684 miffus

225 705 286 752 est
297 704 415 766 ,jam
427 703 597 766 fugaret
612 672 783 749 hostem
796 703 939 749 victor
950 737 962 757 ‚
988 720 1097 750 cum
1117 706 1220 749 Me-

224 770 353 820 tellus
376 786 468 816 non
491 767 608 830 prius
633 768 806 815 hostem
841 766 979 831 quam
1000 769 1100 815 vitia
1122 768 1221 814 suo-

224 851 329 883 rum
353 835 524 881 vincere
535 833 775 880 contendit.
813 835 930 898 Qis
958 835 1065 881 alter
1087 834 1222 881 hodie

224 901 362 964 capiat
384 901 626 962 imperium
651 899 889 946 Metellus?
916 917 1052 964 quam
1075 901 1224 963 pejora

226 966 477 1013 nonnullibi
500 978 574 1011 aut
588 965 738 1012 solutae
759 965 991 1027 disciplinae
1014 967 1135 1030 figna
1156 966 1220 1011 vi-

227 1032 354 1078 deat?
380 1043 454 1078 aut
466 1031 626 1093 pellere
639 1048 748 1093 opus
772 1030 938 1078 habeat.
975 1034 1085 1095 Qo
1106 1030 1223 1078 mihi

227 1098 345 1161 pieta
358 1098 481 1144 vestis
501 1107 575 1143 aut
598 1113 736 1160 equus
760 1113 868 1142 amo
891 1096 1089 1161 fulgens,
1115 1096 1224 1142 inci-

226 1173 482 1211 tamentum
515 1163 670 1224 praedae
704 1162 876 1224 potius,
914 1179 1051 1225 quam
1072 1175 1124 1210 ut
1146 1161 1222 1210 ali-

229 1229 340 1293 quid
360 1229 414 1276 ad
437 1228 624 1275 militare
646 1228 775 1274 decus
807 1232 852 1275 ὃς
875 1228 998 1274 virile
1030 1228 1227 1275 conferat

230 1295 368 1341 robur
380 1329 393 1347 ,
408 1295 528 1357 quod
544 1310 686 1357 neque
698 1294 806 1358 tegit
831 1311 976 1358 neque
1000 1295 1197 1341 vulnerat
1208 1313 1223 1348 3

230 1362 344 1424 Qo
357 1359 470 1406 mihi
492 1358 575 1407 late
587 1361 773 1421 patentia
793 1360 845 1406 ad
858 1377 1073 1422 pompam
1085 1371 1228 1406 tento·

231 1426 322 1479 ria,
337 1425 383 1471 in
395 1425 643 1477 coenacula,
669 1425 891 1477 cubicula,
915 1426 1148 1478 auditoria,
1163 1426 1225 1471 se-

234 1492 371 1538 ceffus
385 1525 400 1544 ,
414 1490 756 1537 deambulatoria
770 1525 783 1543 ‚
800 1490 980 1551 capellas
991 1525 1005 1544 ,
1042 1490 1225 1537 Palatio-

232 1570 338 1604 rum
349 1557 477 1603 instar
487 1553 798 1618 distincta?quo
813 1555 940 1602 vicies
952 1555 1225 1621 quadragies-

232 1638 286 1669 ve
299 1621 469 1668 milleni
493 1638 643 1668 currus
665 1622 740 1684 qui
769 1621 1012 1668 exercitum
1036 1621 1227 1685 sequun-

231 1699 306 1734 tur
316 1723 328 1742 ‚
343 1704 441 1733 vera
451 1688 500 1734 ad
513 1687 776 1734 celeritatem
805 1692 913 1750 (qua
927 1686 1122 1734 maxime
1136 1687 1227 1734 bel-

231 1753 376 1811 latur)
412 1752 655 1799 recedendo
678 1765 751 1799 aut
774 1752 1021 1816 sequendo,
1049 1751 1146 1801 imo
1173 1752 1226 1800 ad

233 1819 373 1881 ipsam
384 1819 616 1865 Victoriam
628 1819 945 1881 impedimenta
957 1839 969 1873 3
983 1820 1100 1866 unde
1110 1819 1142 1865 fi
1147 1820 1221 1882 ju·

232 1897 385 1931 menta
397 1884 715 1938 tentoriorum,
732 1884 1125 1939 leetistemiorum,
1150 1884 1224 1931 ab-
1299 1886 1304 1890 ’

234 1950 327 1996 baci
341 1984 352 2003 ‚
390 1949 650 1997 molliorum
679 1950 879 1998 ciborum
893 1984 905 2004 ‚
942 1966 1193 2014 coquorum
1207 1984 1222 2004 ,

234 2015 517 2062 Muficorum
531 2032 622 2062 non
647 2014 743 2062 raro
758 2051 774 2073 ,
807 2017 896 2062 vini
911 2051 923 2070 ,
948 2029 1226 2071 aromatum,
1280 2071 1286 2073 -

234 2080 494 2128 scatularum
517 2082 689 2143 pondus
701 2081 956 2130 devehentia
965 2081 1198 2145 dempseris
1212 2117 1227 2136 ‚

237 2146 271 2194 fi
285 2147 433 2197 adhaec
444 2159 708 2198 mercatores
722 2163 828 2198 cum
843 2149 947 2198 vino
960 2183 974 2207 ,
991 2148 1135 2200 mulso
1150 2182 1164 2202 ‚
1179 2151 1226 2195 δε

261 2241 265 2246 ·
1094 2214 1224 2263 luxu*
