1320 2490
65 170 144 207 Rex
160 169 226 216 ipse

60 227 106 259 in
117 219 229 266 casira
251 245 261 255 .

63 285 130 309 nem
144 287 201 310 τεο

56 327 154 363 mac.

249 94 313 139 66
379 90 647 137 ANDREAE
681 89 836 136 MAx.
871 90 1122 137 FREDRo

303 184 402 227 ·P1·o
421 178 585 225 ultimo
618 178 805 241 adjicere
837 178 991 241 placet.
1028 181 1105 226 Ne
1129 180 1233 224 Rex
1294 179 1320 228 οὲ

245 245 393 307 ipsein
407 244 537 291 castra
546 243 689 290 veniat
700 277 713 297 ,
735 242 895 291 verum
907 243 1236 307 proximiorem
1298 250 1320 294 ΡΙ

246 312 400 357 locum
423 319 611 372 occupet
622 308 868 363 manendo,
893 314 940 358 &
961 320 1172 356 movente
1193 308 1238 355 se
1297 314 1320 367 Q

244 375 439 422 exercitu
452 387 601 422 contra
613 374 788 421 hostem
803 410 819 431 ,
842 374 931 438 ipse
952 375 1108 421 itidem
1130 390 1233 437 pro-

243 451 502 495 moveatur,
527 440 776 504 proximior
799 439 982 487 confilio
1004 443 1051 487 δε
1073 439 1234 487 autho-
1300 448 1320 505 (1

240 507 365 553 ritate
386 505 560 553 futurus
574 540 587 559 ,
610 518 661 553 ut
671 505 826 552 incolae
848 505 914 552 sui
936 505 1155 568 majorem
1179 505 1233 551 fi-
1299 509 1320 556 sa

241 571 418 618 duciarn
442 570 579 618 futuri
603 571 814 618 successus
838 568 861 616 a
890 571 1101 633 Principis
1123 586 1232 633 prae-
1272 582 1279 636 >J

240 636 374 684 sentia
387 637 580 699 capiant,
606 637 684 700 qui
697 652 789 682 non
801 636 963 682 recedit
984 634 1146 683 verum
1167 635 1232 683 se·
1276 637 1278 639 ’
1299 658 1320 705 p1

241 702 393 765 quitur
416 702 613 755 bellum,
649 712 750 747 tum
787 711 838 747 ut
869 700 1003 747 hostis
1037 709 1233 756 metuat,
1258 698 1320 779 ἰή

242 769 353 814 dum
365 768 483 814 videt
504 768 549 813 in
563 766 774 829 proximo
787 766 1037 829 Principem
1049 767 1234 814 stantem
1273 785 1282 849 2
1299 770 1320 820 ci

239 833 430 880 subfidio
439 832 523 880 suis
537 833 759 885 futurum,
773 835 926 892 majora
942 829 1048 878 verb
1070 831 1234 879 credun·
1298 855 1320 885 m

241 911 311 945 tur
323 898 370 944 de
382 897 430 944 ab
426 897 603 961 semibus
618 914 633 946 ς
667 895 872 960 Opinione
884 914 943 943 res
956 893 1149 957 constant.
1186 897 1232 944 Si
1260 897 1262 899 ’

239 962 345 1009 vero
358 961 484 1025 plane
500 965 630 1009 castra
642 963 812 1026 ingredi
824 963 928 1009 velit
939 997 952 1015 ‚
967 963 1107 1009 officit
1117 979 1230 1010 non-

237 1044 471 1093 nunquam
492 1029 634 1092 magis
652 1027 727 1074 sua
746 1028 970 1088 praesentia
980 1026 1117 1091 quam
1127 1044 1230 1091 pro—

235 1095 340 1140 dest.
390 1094 572 1140 Poffunt
593 1093 715 1157 sequi
737 1093 987 1156 Principem
1008 1109 1085 1156 per
1107 1093 1228 1141 obse-

236 1159 397 1222 quium
420 1159 554 1222 aliqui
567 1175 837 1224 magnorum
852 1159 1032 1222 quidem
1061 1160 1227 1207 Nomi=

234 1241 374 1279 num,
411 1225 573 1272 nullius
609 1222 715 1271 vero
750 1224 972 1287 stipendii,
1007 1225 1229 1274 bellorum

235 1291 400 1353 ignari,
439 1307 518 1352 per
552 1290 698 1336 otium
721 1290 1015 1353 loquaciffimi
1029 1325 1043 1344 ,
1076 1307 1229 1339 rerum

234 1355 493 1401 bellicarum
505 1355 700 1402 censores
714 1357 825 1402 dum
842 1356 1134 1419 pugnandum
1145 1356 1199 1404 fit
1212 1392 1226 1411 ,

231 1421 412 1483 periculi
427 1420 698 1483 impatientes
713 1441 726 1474 3
748 1420 865 1483 nefitii
880 1419 957 1482 nist
963 1437 1094 1480 pacem
1105 1421 1228 1484 loqui,

232 1486 279 1531 hi
309 1486 576 1549 plerumque
587 1487 632 1532 in
646 1487 774 1532 castra
785 1486 1083 1533 aemulationes
1097 1521 1110 1540 ,
1125 1486 1226 1533 dein

228 1551 392 1597 luxum
405 1552 622 1598 invehunt
633 1586 646 1606 ,
659 1569 725 1599 res
738 1552 924 1598 turbant.
953 1551 1103 1598 Subest
1115 1552 1226 1598 item

230 1617 375 1679 major
408 1618 579 1664 audacia
613 1617 808 1664 hostibus
839 1617 1128 1682 oppugnandi
1155 1633 1222 1664 ca·
1248 1662 1254 1666 ,
1318 1629 1320 1651 ³

230 1683 311 1729 stra
325 1716 337 1736 ‚
352 1683 462 1728 dum
475 1683 616 1729 sciunt
627 1684 765 1729 adeffe
775 1684 906 1729 illum
920 1718 932 1737 ,
959 1684 1004 1729 in
1017 1683 1140 1744 cujus
1156 1699 1223 1729 ca-

226 1747 318 1809 pite
340 1759 489 1794 totum
514 1748 823 1795 debellandum
847 1749 899 1794 fit
922 1784 935 1803 ,
971 1748 1056 1795 suis
1079 1749 1224 1810 major

227 1813 334 1858 inest
347 1813 564 1876 res-'peetus
575 1831 656 1876 pro
668 1816 829 1860 tuenda
839 1814 972 1861 salute
984 1814 1191 1877 Principis
1208 1849 1220 1867 ‚

227 1895 284 1924 ne
295 1878 340 1923 in
354 1896 445 1924 uno
458 1890 606 1926 totum
618 1881 820 1926 amittant
833 1915 845 1934 ,
862 1884 906 1927 ὃς
919 1896 1024 1927 cum
1038 1881 1092 1925 de
1103 1880 1219 1926 illius

227 1944 424 2006 periculo
455 1956 690 1998 metuunt,
726 1945 837 2007 saepe
873 1950 891 2006 (
906 1946 978 1991 etfi
1005 1962 1083 2007 per
1095 1961 1217 1991 occa-

226 2009 396 2055 fionem
408 2011 695 2072 pugnandum
713 2010 797 2066 fit)
833 2009 1104 2073 supersedere
1124 2027 1219 2057 ma-

227 2073 351 2128 lunt,
397 2091 478 2120 nee
500 2075 672 2121 vincere
697 2073 826 2139 plane
850 2077 1011 2123 audent
1035 2111 1047 2130 ‚
1093 2089 1220 2123 metu

222 2139 507 2188 adversorum
533 2157 630 2205 quae
656 2154 806 2190 contra
827 2142 1087 2207 opinionem
1108 2141 1220 2204 saepe

256 2231 260 2234 ·
1060 2207 1214 2255 obver-
