1320 2490
251 131 338 161 112
384 116 658 159 ANDREAE
692 114 847 158 Max.
884 111 1137 159 Fanum

313 203 354 247 Si
368 203 542 247 adeatur
564 218 642 263 per
667 201 832 264 legatos
855 217 963 264 gens
990 201 1133 264 aliqua
1146 202 1236 248 bar·

245 269 344 314 bara
358 301 371 320 ,
385 278 457 312 aut
470 267 538 312 cui
555 267 673 312 nulla
687 266 809 320 fides,
822 267 990 313 obfides
1001 268 1117 329 prius
1131 267 1240 314 acci·

246 332 419 395 piendi,
455 343 690 395 antequam
727 331 855 396 legati
891 350 945 378 eo
982 333 1214 379 mittantur
1226 367 1238 386 ,

244 396 347 445 ideo
371 413 449 460 per
470 398 654 445 minoris
674 398 799 455 sortis
837 397 1042 445 homines
1081 398 1241 460 (bonae

245 475 396 510 tamen
420 463 742 526 &incorruptae
758 464 880 523 fidei)
895 464 997 510 tales
1007 464 1242 528 legationes

248 528 457 575 habendae
470 564 483 583 ,
510 530 583 575 sed
595 529 695 576 vere
709 530 820 576 circa
841 530 1014 594 quosvis
1038 531 1242 577 tractatus

248 594 366 642 haud
378 592 526 642 secure
539 595 704 659 legatos
717 597 770 642 ad
782 596 956 643 hostem
968 597 1114 643 mittas
1127 595 1241 642 obfi-

244 661 373 709 dibus
389 658 704 724 ndffacceptis,
722 661 963 724 despectius
976 662 1097 707 enim
1109 661 1241 708 habe-

246 726 414 774 buntur
438 728 526 781 tui,
564 743 705 790 eoque
725 727 868 773 multa
890 726 944 773 ab
964 726 1015 773 iis
1034 738 1245 791 poterunt

247 794 524 856 extorqueri,
551 809 649 856 quae
673 792 753 840 tibi
765 793 973 840 obfutura
985 793 1095 847 sint,
1122 792 1244 840 secu-

248 859 338 906 rius
364 857 464 906 ideo
490 875 568 922 per
589 859 815 921 deputatos
839 858 1065 923 utn'usque
1087 859 1245 923 partis,

245 925 452 971 tractatus
475 926 521 972 in
544 938 665 987 parte
686 925 992 980 habebuntur,
1030 926 1074 972 in
1096 926 1245 989 aliquo

248 990 540 1045 intermedio,
565 991 679 1037 inter
702 992 846 1038 hostes
870 991 1022 1038 tuosve
1044 991 1146 1038 loco
1160 999 1176 1046 ,‘
1198 995 1244 1039 &

248 1055 294 1101 in
307 1057 462 1120 aequali
488 1069 762 1105 armatorum
788 1059 1028 1111 comitatu,
1054 1058 1128 1103 ille
1140 1056 1244 1104 vero

246 1122 326 1184 qui
349 1121 513 1170 directe
551 1124 603 1169 ad
625 1123 801 1172 hostem
833 1124 1058 1171 tractando
1082 1124 1246 1178 mittit,

248 1189 444 1251 precario
457 1189 670 1236 tractabit.

313 1254 489 1301 Crebrae
502 1255 738 1318 legationes
752 1259 798 1304 ὃς
812 1255 1029 1302 diuturnae
1041 1255 1155 1318 apud
1169 1272 1245 1302 ex-

246 1329 368 1366 teros'
377 1354 389 1373 ,
407 1321 601 1367 exoticos
615 1320 733 1368 retro
747 1339 893 1368 mores
903 1323 949 1368 in
962 1323 1150 1369 Patriam
1177 1325 1246 1387 (ac

246 1385 512 1449 plerumque
523 1386 724 1444 nocivos)
748 1387 966 1434 adferunt.

316 1455 572 1513 Perpetuam
581 1452 777 1515 aliquem
789 1453 987 1517 legatum
999 1452 1046 1498 in
1059 1452 1245 1515 legatio·-

250 1533 306 1563 ne
322 1517 495 1572 celebri,
509 1535 600 1564 non
614 1517 774 1581 probo,
786 1535 841 1565 ne
853 1535 909 1564 ex
921 1519 1065 1581 legato
1079 1518 1244 1564 Princi—

248 1584 314 1646 pis
325 1583 483 1630 fastum
509 1584 682 1638 induat,
709 1588 754 1632 &
776 1583 1118 1631 Provincialium
1143 1581 1246 1629 affe-

249 1651 378 1695 ctum
402 1662 493 1696 arte
505 1650 619 1696 varia
630 1651 707 1696 fibi
719 1662 839 1712 paret
851 1685 863 1704 ,
890 1660 964 1695 aut
975 1649 1008 1695 fi
1021 1648 1245 1696 familiaris

247 1727 432 1761 externo
446 1717 636 1780 Principi
657 1718 742 1763 esse
752 1715 978 1769 assuescat,
997 1716 1247 1778 periculum

250 1797 309 1825 ne
327 1794 401 1827 aut
412 1782 567 1828 secreta
592 1783 746 1846 prodat
770 1782 1023 1828 humaniter
1046 1781 1218 1828 habitus
1232 1814 1245 1835 ‚

247 1858 323 1892 aut
345 1863 450 1893 cum
476 1848 576 1895 loco
613 1853 656 1896 ὃς
681 1848 996 1896 consuetudine
1034 1847 1245 1895 affectum

249 1912 477 1959 transferat
486 1915 530 1960 in
546 1916 729 1962 exotica.

317 1980 471 2043 Legati
495 1981 699 2027 mittendi
723 1981 823 2045 quia
843 1991 964 2027 antea
973 1978 1250 2026 versabantur

250 2044 297 2090 in
308 2046 463 2091 exteris
478 2047 722 2094 nationibus
738 2082 750 2101 ,
767 2051 809 2094 &
824 2048 1047 2094 variorum
1059 2044 1247 2109 populo—

252 2126 355 2155 rum
370 2145 382 2164 ,
396 2112 579 2175 genium
591 2148 604 2166 ,
620 2129 766 2159 mores
784 2148 796 2166 ‚
813 2114 1040 2177 &linguas
1056 2121 1221 2158 norunt
1235 2143 1247 2164 ,

252 2175 326 2223 sed
345 2176 525 2225 suorum
549 2190 700 2228 tamen
724 2196 908 2227 morum
931 2180 1032 2226 sunt
1059 2191 1243 2225 tenaces.

1095 2243 1244 2291 Maxi*
