1320 2490
1221 0 1279 118 Ψ
1310 38 1312 41 ,

207 98 302 144 224
337 84 608 130 ANDREAE
644 80 801 126 MAx
841 81 1092 128 Fnznno
1228 104 1269 171 ΨΨ

203 174 283 220 bus
299 171 415 219 lente
431 171 628 218 adversus
641 171 916 218 succedentes
931 170 1088 218 feriant
1092 173 1205 236 ‚Jam
1229 171 1269 252 {³
1303 171 1320 217 it

202 236 308 286 vero
322 238 523 284 cominus
534 238 830 302 pugnantibus
846 254 936 283 non
950 237 1070 285 idem
1083 253 1198 286 mars
1264 241 1266 270 ἵ
1303 237 1320 284 st

203 306 289 357 est,
302 304 565 351 fimulenim
578 315 867 366 procurrunt,
870 303 1013 350 fimul
1026 303 1200 353 hostem
1223 358 1228 367 -.
1264 307 1266 322 ²

200 370 516 435 aggrediuntur
529 373 572 418 &
587 370 768 424 feriunt,
783 369 932 416 hastati
942 369 1198 433 praesertim,
1266 376 1279 426 j

203 452 402 500 quorum
415 436 579 499 duplex
585 436 781 516 ‘ubique
769 448 961 499 lmpetus
982 449 1114 499 atque
1135 437 1198 484 vis
1224 436 1230 470 ’ἕ
1263 471 1265 474 >

200 504 286 556 est,
313 519 507 565 namque
528 502 677 565 primo
689 502 883 567 longiori
896 502 1012 549 hasta
1022 519 1075 565 pl
1077 515 1197 550 otru-

199 570 345 616 dendo
359 568 536 615 tulbant
548 567 746 615 frontem
763 568 986 622 hostium,
1013 582 1195 633 tangen-
1231 567 1233 569 ¹

198 636 259 681 do
271 635 389 696 prius
401 651 538 696 quam
564 646 615 680 ut
626 645 886 698 tangantur,
909 635 1067 681 deinde
1091 651 1206 681 con·.
1266 645 1272 651 ’

198 700 319 746 fenis
334 699 562 753 manibus,
588 700 724 746 veluti
736 715 897 747 novam
912 700 1075 746 iterum
1101 701 1195 749 vim
1225 720 1231 746 τ

196 765 384 820 illaturi,
415 765 488 811 seu
513 766 680 830 gladios
701 765 774 811 seu
796 765 968 828 sclopos
993 768 1194 829 expedie-
1232 811 1235 815 ,

195 833 286 879 rint
298 867 310 886 ‚
337 832 532 894 utrisque
541 833 745 878 cominus
759 831 932 879 hostem
945 830 969 879 ὲ
983 833 1193 896 proximo

197 898 375 944 feriunt.
405 901 462 944 Et
474 899 576 961 quia
590 898 792 944 cominus
806 897 1004 945 feriendo
1017 898 1194 947 vifibilis

196 964 310 1011 ic'kus
324 965 383 1010 est
397 998 409 1017 ,
424 963 456 1009 fi
467 964 601 1026 priori
614 964 815 1010 erraveris
826 965 932 1018 istu,
947 965 1083 1011 altero
1096 981 1192 1012 cor·
1240 991 1250 1015 z

195 1030 307 1094 rigas
322 1028 448 1080 facile
463 1047 516 1076 ex
530 1030 828 1076 animadverso
843 1065 855 1083 ,
884 1032 1004 1094 quod
1017 1031 1193 1079 eminus

194 1112 287 1142 non
312 1098 435 1143 datur
462 1131 475 1150 ,
512 1095 608 1142 imo
630 1100 782 1143 eminm
816 1096 1015 1143 feriendo
1038 1132 1051 1150 ‚
1089 1096 1192 1160 quia

198 1163 349 1210 volans
376 1162 486 1210 istus
501 1164 585 1216 est,
611 1162 737 1216 ferit,
761 1178 843 1209 nec
855 1175 1003 1209 tamen
1015 1163 1190 1211 hostem
1253 1182 1268 1223 ν,

193 1230 403 1282 retrudit,
429 1229 503 1275 ille
518 1227 624 1275 vero
635 1228 742 1275 alter
776 1231 953 1276 cominm
970 1264 982 1285 ,
1003 1230 1191 1278 'fundens
1246 1232 1275 1288 1έὲ

193 1294 307 1341 iaestus
321 1297 403 1348 est,
435 1295 610 1358 &quasi
638 1293 796 1342 Solidus
820 1307 870 1341 ut
880 1295 1013 1341 fimul
1027 1295 1151 1342 feriat
1172 1330 1185 1350 ‚
1263 1291 1270 1298 ¹

189 1358 413 1421 simulque
424 1361 687 1406 retrudendo
699 1361 810 1406 sistat
821 1360 991 1407 hostem
1004 1378 1186 1423 procur·
1253 1377 1256 1386 ¹

187 1436 360 1470 rentem
374 1461 391 1484 Ψ
402 1427 447 1470 ὃς
461 1426 601 1487 magis
612 1426 759 1471 turbet
770 1425 967 1471 adversos
981 1427 1153 1473 ordines
1170 1462 1183 1479 ,

187 1490 299 1536 dum
312 1507 425 1535 unus
437 1490 559 1536 alteri
570 1488 780 1535 haerendo
793 1487 1075 1552 implicantur
1089 1526 1103 1545 ‚
1117 1509 1182 1537 re-

189 1567 434 1601 morantur.
452 1556 535 1601 Sed
549 1556 729 1601 tandem
741 1568 790 1601 ut
804 1555 938 1601 verbo
952 1557 1154 1604 claudam
1170 1591 1183 1611 ,

180 1621 387 1683 jaciendo
400 1621 574 1667 miffilia
589 1655 601 1675 ‚
624 1622 758 1683 autin
772 1621 1055 1667 colimatione
1067 1657 1079 1675 ‚
1108 1634 1183 1669 aut
1256 1671 1258 1674 ,

186 1688 233 1733 in
254 1687 348 1749 ipso
371 1703 600 1733 armorum
622 1703 781 1750 genere
816 1687 961 1751 plures
984 1687 1180 1735 defestus

184 1753 274 1800 dari
299 1754 475 1816 poffunt
499 1787 511 1807 ‚
536 1753 722 1817 rubigo,
748 1753 940 1807 humor,
964 1753 1180 1817 intemper
1243 1774 1255 1791 υ

185 1831 441 1866 ramentum
476 1819 664 1883 pulveris
700 1819 845 1866 nitrati
858 1854 871 1873 ,
898 1818 1105 1867 onerandi
1131 1823 1179 1869 ὃς
1250 1832 1264 1869 4

184 1886 449 1932 exonerandi
475 1903 564 1933 non
583 1898 790 1949 prompta
809 1886 986 1950 peritia,
1023 1885 1176 1934 fistulae

183 1964 410 1998 curvatura
424 1987 436 2006 ,
463 1952 589 1998 filicis
601 1952 777 1999 durities
792 1987 806 2007 ,
836 1952 972 1999 &alia
993 1952 1146 2014 plura,
1154 1951 1178 1999 ὲ
1243 1959 1263 2014 {⁴

182 2016 342 2080 quibus
377 2018 706 2080 impedimentis
743 2020 946 2066 cominus
981 2017 1180 2066 ferientia

181 2083 334 2144 procul
346 2082 498 2130 absunt
501 2085 754 2159 ,praesertim
766 2083 871 2131 vero
885 2085 1067 2149 gladius,
1084 2102 1176 2148 quo
1242 2083 1247 2102 ³

181 2148 373 2198 crebrius
386 2151 574 2214 repetitis
586 2152 631 2200 in
642 2164 874 2201 momenta
883 2151 1039 2202 istibus
1053 2185 1069 2206 2
1081 2167 1177 2199 non

1125 2216 1173 2265 in
