1320 2490
176 95 418 136 ScR1PT.
455 89 860 135 FRAGMENTA.
959 106 1015 149 ¹9

17 176 211 239 reliquos
243 175 446 222 authores
485 191 577 220 non
589 173 766 237 requiro
778 172 984 238 legendos
998 205 1014 226 ,

19 243 110 288 aliis
123 242 244 287 enim
255 241 487 304 implicari,
509 240 562 286 ab
573 240 664 286 aliis
677 239 783 286 nolo
796 238 1015 302 depravari

22 308 273 370 Principem
289 341 301 359 ,
318 305 544 353 miraberis
556 306 730 352 dictum
741 305 819 368 qui
832 303 1018 350 Schola-

17 374 146 419 sticus
160 390 228 430 es,
254 371 370 418 certe
397 388 489 418 non
510 371 585 417 ille
607 371 683 434 qui
705 379 936 417 momenta
945 387 1011 416 re·

17 455 125 485 rum
146 450 342 501 penetras
358 473 370 491 ‚
395 454 540 501 neque
564 439 724 500 Regna
747 439 792 483 ὃς
809 438 1016 498 Rempu-

19 504 182 551 blicam
216 504 444 565 specularis
458 537 472 556 ‚
519 500 678 548 verum
711 501 801 565 agis
836 498 1013 547 intime.

18 570 162 617 Multi
185 570 307 615 enim
334 568 656 614 Historicorum
676 567 789 612 dum
804 565 1019 613 incautius

24 635 295 698 exprobrant
327 634 643 697 imperantium
674 632 802 686 vitia,
837 646 1018 694 peccare

19 700 245 764 legentem
258 700 432 753 docent,
446 712 547 746 tum
558 698 639 745 alia
647 715 704 744 ex
717 697 837 744 causs
849 732 862 750 ‚
877 713 1018 760 quam

18 767 202 812 reticere
223 766 376 830 magni
398 765 513 811 mihi
525 765 626 810 loco
638 763 782 810 arcani
804 763 883 817 fit,
908 763 1020 808 vidit:

19 830 126 878 vero
161 832 364 894 antiquus
401 834 447 877 &
469 844 618 876 recens
653 829 769 875 orbis
804 828 1013 875 meliores

19 899 235 961 Regum,
270 912 363 942 non
389 896 466 958 qui
488 896 630 942 altum
655 894 904 948 docffiores,
940 893 1014 940 sed

22 964 100 1024 qui
125 962 404 1008 mediocriter
428 964 471 1007 &
487 961 626 1025 magis
649 960 829 1023 practici
860 959 1015 1013 fuere,

22 1044 106 1074 nec
117 1027 271 1074 fucatae
294 1027 481 1074 virtutiS.

96 1111 112 1140 1
130 1111 166 1139 1.
207 1093 288 1138 Uti
299 1092 453 1139 laetiori
466 1091 643 1138 fortuna
654 1108 746 1138 non
758 1089 1020 1138 intumescat

23 1157 229 1221 Princeps
248 1192 261 1211 ,
286 1158 418 1204 etiam
443 1173 629 1205 maerore
650 1174 742 1202 non
766 1156 1017 1219 frangatur,

21 1223 125 1270 sunt
138 1225 259 1270 enirn
272 1224 452 1286 quidam
465 1224 730 1285 impotentes
742 1222 879 1268 animi
892 1256 905 1274 ‚
918 1234 969 1268 ut
981 1222 1014 1267 st

22 1290 132 1352 quid
154 1290 316 1335 adverfi
328 1290 492 1335 accidat
501 1288 586 1334 illis
599 1322 612 1340 ,
636 1287 750 1334 infra
761 1287 959 1333 faeminas
972 1287 1017 1332 se

17 1356 225 1416 abjiciant
235 1388 250 1407 ‚
263 1355 296 1400 fi
308 1354 542 1400 modicum
555 1369 610 1399 ex
622 1364 772 1414 optato
784 1353 894 1399 fluat
905 1387 919 1407 ,
944 1351 1015 1399 su-

6 1480 10 1482 .
18 1436 98 1483 pra
121 1420 326 1466 homines
349 1419 591 1483 affui-gant,
611 1435 847 1483 ,magnum
870 1419 1019 1481 potius

21 1484 177 1531 habeat
194 1487 239 1532 in
251 1497 435 1548 utraque
447 1485 624 1531 fortuna
635 1485 770 1532 robur
783 1519 796 1538 ,
823 1501 904 1530 nec
926 1485 1015 1530 mi=

23 1566 106 1597 nus
130 1550 368 1598 hominem
391 1550 436 1597 se
462 1548 600 1613 quim
625 1550 882 1597 hominibus
905 1567 1014 1613 prae-

25 1616 109 1662 effe
131 1617 322 1680 cogitet,
359 1619 516 1663 cuncta
540 1617 799 1663 mortalium
826 1616 1015 1669 incerta,

24 1694 280 1746 quantoque
290 1682 388 1744 plus
400 1683 577 1746 adeptus
591 1682 644 1727 fit
656 1717 669 1736 ,
683 1681 804 1728 tanto
819 1681 863 1727 se
874 1683 1014 1745 magis

20 1747 253 1794 inlubrico
267 1747 433 1794 Censfflt
447 1782 459 1800 ,
484 1765 576 1794 non
587 1748 764 1793 barbara
784 1747 856 1794 illa
868 1747 1016 1793 barba-

14 1829 77 1863 ,το
90 1813 143 1858 ab
155 1830 233 1859 ore
243 1828 332 1858 vox
345 1813 398 1858 ad
413 1813 718 1859 Alexandrum
732 1817 747 1859 ?
766 1824 845 1863 ,An
856 1814 1016 1876 ignbras

24 1894 192 1940 magnaes
209 1875 363 1925 arbores
388 1878 457 1924 diu
469 1879 631 1941 crescere
643 1912 657 1934 ,
681 1879 765 1926 κηᾶ
779 1879 873 1926 horai
891 1883 1021 1926 extir-

22 1945 127 2005 pari.
165 1948 252 1990 Leo
278 1961 429 2008 quoque
444 1945 706 1998 minimarum
730 1950 868 1992 avium
892 1943 1017 2008 pabu-

26 2009 111 2055 lum
124 2009 180 2074 fit
196 2043 209 2062 ,
227 2016 283 2060 &¹
294 2008 448 2070 ferrum
461 2008 593 2073 rubigo
608 2009 799 2073 consumit
813 2044 827 2066 ‚
853 2025 901 2058 ut
917 2010 1019 2058 nihii

25 2077 186 2122 omnino
200 2073 517 2139 tamfirmumsit
532 2112 547 2132 ,
559 2078 622 2122 cui
632 2079 846 2140 periculum
859 2093 933 2124 non
941 2076 1022 2140 fiac

23 2141 152 2189 etiam
185 2138 240 2189 ab
270 2140 464 2194 invalido.
520 2145 744 2193 Fortunam
788 2142 874 2194 ideo
908 2154 1021 2188 tuam

533 2209 569 2254 B
887 2205 1028 2268 preffis
