1320 2490
246 82 331 127 108
401 81 668 125 Annam
702 81 857 125 MAx.
898 82 1142 128 FREnRo

236 186 338 216 rum
385 180 667 231 acceptorum
701 168 815 228 perit
848 183 954 214 cum
996 168 1231 229 accipiente

236 234 452 281 memoria
468 268 480 287 ,
494 233 643 295 pofitae
656 231 760 279 vero
774 234 919 278 statuae
931 267 947 285 ‚
974 231 1074 279 seris
1100 233 1230 279 saecu-

234 301 285 346 lis
308 303 351 347 &2
378 299 566 362 ignotis,
592 297 759 344 famam
789 315 961 362 magnae
986 299 1049 344 vir
1052 310 1154 345 tutis
1165 299 1232 344 lo-

239 377 462 428 quuntur,
498 363 637 410 obviis
672 363 918 438 quibusque
950 381 1027 427 pel
1062 365 1234 427 publica
1280 392 1282 394 v

236 432 356 484 fora,
382 430 591 493 plateasve
618 429 875 477 incursurae
865 447 910 475 1n
934 429 1114 483 oculos,
1152 448 1231 476 no-

243 513 442 559 menque
476 495 722 569 gloriosum
758 496 922 560 ignotis
957 495 1237 560 suggesturae

239 561 504 610 Prudenter
491 575 599 608 item
611 562 684 607 ffle
698 565 911 625 Regum,
935 562 1118 608 nomina
1132 562 1235 607 stre·
1268 558 1278 574 ²

237 626 324 675 nue
347 641 421 675 aut
441 628 738 691 pugnantium
773 639 847 673 aut
867 627 1235 673 occumbentium

234 706 409 741 certum
430 695 476 741 in
500 694 665 739 librum
692 691 872 738 describi
895 691 1096 746 curabat,
1122 692 1235 739 statis
1301 745 1309 750 ³

233 761 509 823 temporibus
533 774 687 805 coram
701 757 896 804 exercitu
924 758 1153 821 (praeconii
1166 759 1237 805 lo-

233 828 324 885 co)
350 828 544 874 lecturus
559 860 573 879 ,
607 824 662 870 ad
685 823 916 888 erigendos
939 824 1110 871 animos
1133 824 1233 871 reli-

234 901 460 956 quorum3
489 889 667 938 Verum
690 891 799 954 quid
820 889 945 953 plura
955 890 1236 938 recenseam?

235 957 346 1006 cum
370 959 424 1005 ad
435 958 589 1022 praxin
600 957 734 1004 nostri
746 956 888 1004 saeculi
913 957 1238 1011 &ufiimmon
1277 985 1281 990 ·

234 1024 375 1072 desint
404 1025 502 1072 haec
526 1023 743 1072 &fimilia
763 1023 935 1070 virtutis
960 1036 1035 1070 aut
1056 1023 1240 1087 praemia

232 1102 308 1138 aut
319 1091 458 1155 signa,
478 1100 554 1152 aut
565 1089 849 1136 incitamenta
862 1110 875 1144 3
891 1090 1105 1138 honorata
1114 1091 1237 1137 vide-

233 1156 337 1203 licet
347 1157 466 1204 bello
490 1155 706 1203 caesorum
716 1155 936 1218 sepultura
948 1191 963 1212 ‚
989 1156 1208 1220 praeconia
1220 1190 1239 1211 ‚

234 1223 351 1272 inter
361 1223 546 1270 illustres
560 1223 676 1270 viros
690 1222 944 1287 cathalogus
958 1257 974 1278 ‚
997 1234 1098 1270 tum
1121 1239 1236 1286 prae-

233 1289 386 1336 sertim
398 1305 525 1336 aurea
548 1288 814 1336 numismata
837 1290 1118 1353 appendenda
1144 1288 1238 1336 col-

235 1354 281 1401 lo
295 1389 308 1409 ,
331 1355 518 1418 propriis
543 1355 800 1402 nominibus
814 1358 859 1404 &
872 1355 1235 1418 brevisuperscri-

236 1433 313 1483 pto
327 1422 553 1484 gestorum
565 1420 696 1467 titulo
720 1421 924 1484 infignita
937 1455 950 1474 ‚
966 1422 1136 1467 levioris
1148 1422 1235 1467 im-

236 1487 379 1549 pensae
403 1487 551 1540 danti,
585 1486 754 1532 summi
776 1487 950 1548 praemii
984 1490 1029 1534 &
1053 1486 1236 1533 honoris

235 1553 488 1615 accipienti,
526 1568 631 1598 curn
654 1552 809 1599 tacitus
833 1552 1019 1615 quisque
1041 1552 1094 1597 ad
1117 1552 1235 1613 aspe-

236 1619 365 1664 &um
381 1619 528 1682 gestati
553 1618 665 1682 figni
680 1652 692 1671 ,
723 1618 878 1664 merita
903 1622 947 1665 ὃς
973 1618 1133 1664 exinde
1155 1635 1236 1664 no·-

237 1684 372 1731 minis
396 1684 588 1748 gloriam
600 1685 762 1747 ignotis
777 1685 908 1730 etiam
924 1685 1238 1732 inculcaturus„

235 1749 449 1812 Fulgeant
459 1750 670 1814 aliitog51,
697 1762 770 1795 aut
781 1750 1052 1804 holoserico,
1078 1749 1239 1813 reliqui
1273 1771 1286 1779 ·

235 1815 438 1861 incedant
479 1816 631 1863 illustri
667 1815 921 1862 circumfufi
971 1816 1193 1862 famulitio
1221 1850 1240 1868 ,.
1299 1852 1303 1856 .

237 1897 337 1943 quae
373 1881 836 1929 nascendi&fortunae
871 1881 961 1929 sors
998 1882 1234 1928 immeritis

237 1947 347 2008 saepe
372 1947 568 2001 confert,
596 1948 742 1994 multo
766 1948 996 2011 gloriosius
1024 1948 1098 1994 hic
1119 1948 1236 1994 solus

236 2013 407 2058 incedet
420 2047 433 2066 ‚
457 2014 745 2077 audaciusque
757 2015 799 2060 se
810 2015 979 2079 ingeret
1001 2015 1162 2077 cuique
1172 2013 1237 2059 vi-

237 2095 393 2124 rorum
406 2094 580 2126 coronae
596 2114 608 2133 ‚
637 2083 777 2144 magis
801 2081 854 2126 ab
867 2080 1075 2127 omnibus
1089 2081 1235 2126 hono-

237 2144 394 2194 randus
415 2162 472 2193 ex
495 2146 655 2193 virtute
669 2180 682 2199 ,
720 2163 775 2193 ex
799 2148 985 2202 merito,
1022 2151 1066 2194 &
1088 2145 1237 2192 oblato

1073 2228 1229 2259 eorum
1280 2220 1286 2224 “
