1320 2490
223 127 285 185 36
349 124 626 168 ANDREAE
659 120 818 165 MAx.
858 119 1113 165 FREDRo

218 229 266 260 ne
291 209 382 275 ipfis
411 210 587 258 remediis
614 214 781 273 gravim
815 209 1044 273 exasperet,
1081 209 1210 254 relin-

216 278 448 341 quendum
485 293 575 322 non
611 274 708 322 raro
743 277 997 322 rumoribus
1033 287 1211 337 tempus

216 359 309 407 quo
320 341 549 387 senescant.
588 345 828 388 Peccarunt
839 342 1036 404 plerique
1045 356 1211 403 praeco-

217 409 258 454 ci
279 407 450 471 rigore,
485 424 592 453 cum
621 407 672 452 ab
696 407 794 470 ipsis
807 407 1009 469 periculis
1033 405 1216 452 &turba

217 472 490 536 Reipublicae
503 473 752 518 remedium
765 473 968 534 petebant
981 507 993 526 ‚
1015 472 1090 534 qui
1106 470 1213 517 deli-

215 541 382 603 quere,
409 539 527 602 quafi
552 538 803 602 perincerta
813 537 1015 584 tutissimi
1032 571 1043 589 ‚
1078 540 1122 584 ὃς
1147 536 1213 582 ni·

216 605 282 652 hil
295 605 421 651 bonae
444 604 533 667 spei
546 604 624 651 nifi
648 621 725 667 per
737 603 966 650 discordias
980 603 1184 650 habentes
1199 636 1213 656 ,

216 671 287 717 vel
301 671 421 733 quod
434 672 606 734 gravius
621 672 680 715 est
693 704 708 723 ,
737 670 891 732 patrati
904 666 1039 732 quam
1052 668 1214 730 incepti

215 736 419 784 facinoris
433 737 494 782 rei
508 737 592 782 esse
602 735 844 788 malebant,
878 751 984 780 cum
998 733 1215 797 periculo-

213 803 299 849 fius
313 813 516 865 putarent
535 802 581 848 in
594 802 798 864 incepto,
824 797 961 864 quam
982 801 1027 846 in
1040 800 1219 862 peraCto

212 867 498 931 deprehendi.
537 867 691 915 Potius
726 884 835 932 ergo
858 865 972 912 infra
994 865 1220 929 magnitu-

216 934 373 981 dinem
384 933 507 981 suam
525 935 654 981 ducat
666 933 869 998 Princeps
883 932 957 979 illa
968 931 1216 978 verborum

212 999 581 1063 calamorumque
613 999 795 1046 vulnera
836 1019 851 1055 3
899 997 1218 1044 Infirmitatem

213 1065 353 1112 animi
377 1066 569 1131 detegit,
608 1066 685 1129 qui
707 1064 1001 1111 adversarium
1024 1061 1223 1117 incusatr

214 1130 313 1178 imo
327 1148 477 1195 parem
493 1136 571 1194 (ne
582 1132 725 1178 dicam
748 1129 1053 1194 superiorem)
1078 1145 1220 1193 agno-.

213 1196 318 1251 scit,
335 1198 412 1261 qui
425 1198 745 1252 adversarium3
773 1198 893 1262 quod
915 1193 1014 1243 sane
1040 1195 1220 1241 dedecet

215 1264 467 1327 Principem
484 1299 497 1318 ,
511 1263 734 1328 generosae
747 1263 849 1310 ferae
863 1264 917 1310 ad
929 1263 1135 1309 latratum
1148 1276 1214 1306 ca-

214 1329 417 1376 tulorum
432 1347 487 1376 ne
509 1330 745 1394 respiciunt
758 1331 940 1394 quidem
955 1365 968 1384 ‚
987 1328 1214 1394 spernunt-

215 1411 304 1459 que
337 1408 389 1443 ut
415 1396 628 1460 impares,
666 1398 788 1459 quasi
821 1397 1027 1460 indignos
1063 1397 1218 1443 contra:

215 1477 330 1528 quos
354 1463 600 1529 affiargant,
626 1463 823 1529 paritem
834 1462 914 1512 tibi
938 1463 1141 1527 Princeps
1166 1463 1220 1510 fit

214 1531 288 1576 cui
299 1530 536 1577 oblu6teris
549 1565 563 1585 ,
589 1544 663 1577 aut
687 1532 719 1576 fi
734 1532 969 1578 oblu&aris
983 1565 998 1583 ,
1021 1529 1219 1594 agnoscis

213 1613 365 1658 parem
380 1631 393 1649 ,
421 1598 643 1659 perpende
657 1598 821 1660 potius,
835 1598 936 1660 quia
958 1596 1095 1659 spreta
1108 1612 1214 1641 exo-

212 1661 407 1715 lescunt,
443 1662 474 1707 fi
499 1663 676 1708 irascare
698 1664 842 1727 agnita
865 1663 1091 1715 videntur,
1117 1660 1214 1707 imo

215 1728 288 1773 des
315 1727 570 1774 libertatem
582 1729 792 1791 loquendi
805 1729 1000 1791 popuIO,
1038 1744 1220 1774 memor

214 1792 398 1839 dieterii:
429 1799 663 1857 Loquantur
674 1798 732 1842 illi
750 1826 760 1845 ,
791 1811 860 1839 nos
881 1796 974 1840 νενὸ
983 1792 1186 1855 Ῐιισὶαψιω
1202 1827 1216 1846 ,

214 1858 330 1903 modo
338 1871 457 1920 penes
470 1864 657 1907 virtutem
676 1879 684 1907 z
712 1860 781 1906 vei
795 1860 907 1907 illius
919 1859 1091 1905 alterius
1106 1859 1212 1905 boni

214 1925 496 1986 Imperatoris
520 1960 531 1979 ‚
570 1939 806 1992 Loquuntur
829 1931 991 1990 quidem
1018 1959 1032 1980 ,
1066 1925 1215 1989 jufficit

213 1992 311 2053 quia
349 1993 456 2036 male
479 1990 612 2051 facere
638 1992 745 2039 nobis
770 2009 846 2039 non
875 1989 1063 2052 pqffzmt,
1109 2007 1212 2052 pro-

216 2054 365 2118 priu-m
381 2057 463 2102 effe
488 2059 673 2119 Regum
685 2058 833 2103 audire
857 2055 971 2104 male
987 2072 1093 2102 cum
1106 2055 1218 2101 bene

217 2119 418 2177 fecerint,
454 2125 555 2167 Hoc
566 2134 715 2168 autem
729 2125 787 2169 est
801 2133 1213 2168 contentamentum

220 2187 264 2233 ἃ
278 2184 479 2234 solatium
494 2188 647 2252 populi
662 2223 674 2242 ‚
700 2189 731 2234 fi
745 2189 799 2235 de
810 2201 982 2251 accepta
994 2187 1151 2251 injuria
1163 2187 1213 2264 153

1109 2252 1213 2299 bere

1292 1102 1302 1350 ἓ

1294 1401 1303 1471 Ι

1298 1513 1305 1608 Ξ
