1320 2490
207 93 442 138 Scnwr.
480 93 695 139 FRAGM
717 108 888 140 ENTA.
964 108 1054 155 327

54 206 55 211 =
66 175 219 228 vetuit,
235 179 278 223 &
292 175 450 222 nebula
461 176 689 238 occupavit
698 177 922 239 templum
933 177 1054 224 Salo-

68 242 215 288 monis
238 275 251 294 ,
290 240 497 287 secretam
523 241 609 287 loci
631 243 954 301 venerationem
988 244 1054 290 lo-

47 324 206 370 -quens
221 342 234 361 ,
259 305 368 352 cum
392 306 503 352 circa
524 307 843 354 dedicationem
857 308 1057 368 Majestas

47 389 50 391 ’
64 374 151 418 Dei
162 372 383 434 templum
397 372 718 435 ingrederetur,
744 371 890 419 multo
915 375 1055 437 magis

62 438 251 499 Principi
265 439 329 484 uti
343 438 544 490 homini,
568 437 702 499 profit
723 437 939 485 secretum
962 456 1072 486 nonr

62 503 201 549 obviae
215 503 474 564 Majestaffl,
498 519 604 548 cum
622 502 817 550 humana
839 505 900 550 fit
922 505 1054 567 perse

61 568 440 632 irnperfec'tafint,
456 568 533 613 nifi
548 569 737 631 quadam
749 583 840 616 arte
851 582 950 616 tum
978 572 1052 616 ad-

62 634 298 681 mrmculo
283 647 519 696 juventur
513 647 579 680 ut
593 634 803 681 nonnulla
815 636 867 682 ad
880 636 1053 698 opinio·

61 717 166 747 nem
178 701 408 753 adstruere,
424 699 635 745 nonnulla
646 700 808 754 celare,
822 701 966 765 aliqua
978 702 1052 747 de-

59 783 184 814 mere
196 766 361 811 neceffe
373 765 624 811 habeamus.
647 765 713 811 Si
701 766 835 829 igitur
849 768 1052 829 Princeps

60 832 107 880 in
129 832 261 878 obvio
282 831 336 878 fit
353 830 505 893 populi
528 830 700 893 aspectu
715 866 727 885 ‚
762 832 905 878 multa
928 834 974 879 in
1001 850 1054 879 eo

34 941 37 943 .
61 899 158 944 haec
183 909 258 944 aut
282 897 355 944 ina
377 896 636 958 imperfecta
673 909 882 944 notentur
904 933 918 953 ,
954 898 1052 944 imo

56 965 200 1027 aliqua
213 980 318 1010 curn
332 962 416 1008 fint
425 962 603 1024 probata
618 997 630 1016 ,
655 963 726 1008 sed
740 980 816 1026 per
827 964 1051 1010 diutinum

56 1030 270 1076 intuitum
286 1064 299 1082 ,
327 1040 475 1076 tamen
488 1029 539 1074 ad
553 1041 864 1091 contemptum
876 1029 1050 1075 trahan-

56 1107 157 1149 tur,
183 1096 291 1157 quid
303 1095 335 1140 fi
347 1094 488 1157 aliqua
509 1109 606 1140 vera
628 1094 729 1140 vitia
740 1096 902 1141 infint?
927 1097 1051 1141 Nam

56 1162 189 1207 etiam
216 1161 416 1222 Princeps
442 1162 500 1206 est
522 1161 587 1206 uti
612 1161 868 1207 mortalium
882 1162 1025 1207 caeteri
1037 1195 1051 1214 ,

55 1243 149 1272 non
163 1239 282 1272 extra
303 1226 547 1272 humanam
569 1225 849 1290 fragilitatem
878 1239 952 1272 aut
964 1226 1050 1272 im·

53 1292 374 1355 perfectionem
386 1292 550 1354 positus
566 1326 580 1344 ,
604 1293 710 1338 utin
723 1291 951 1344 sermone,
977 1305 1051 1339 aut

53 1358 176 1421 gestu
190 1391 202 1410 ,
217 1358 347 1403 autin
360 1356 540 1418 persona
553 1391 564 1410 ,
579 1370 652 1403 aut
664 1357 709 1402 in
721 1355 880 1403 affectu
895 1391 907 1410 ,
920 1358 1053 1404 autin

53 1423 204 1470 animo
229 1423 393 1486 aliquid
416 1421 478 1469 illi
493 1424 542 1468 ad
558 1439 705 1468 veram
729 1421 1051 1485 perfectionem

56 1489 220 1535 necefl'e
232 1489 354 1542 defit,
369 1486 461 1550 quo
477 1488 578 1534 vero
593 1488 688 1535 haec
699 1488 867 1550 parcius
879 1488 1051 1535 visenda

55 1553 320 1600 exhibentur
333 1588 346 1607 ,
373 1553 425 1598 eo
439 1554 587 1599 minor
601 1554 725 1600 datur
738 1554 905 1600 occasio
917 1554 1049 1599 inter-

54 1619 369 1684 pretandorum
384 1618 592 1681 Principis
603 1617 919 1674 f3&0nim,aut
928 1618 1050 1666 secus

55 1687 87 1732 fi
111 1685 206 1732 haec
235 1684 321 1730 fint
341 1683 468 1747 supra
500 1685 692 1758 vulgaria
728 1684 971 1731 hominum
1005 1685 1051 1733 in

54 1750 280 1813 Principe,
307 1749 451 1796 adhuc
474 1752 643 1805 miora
663 1747 767 1796 vero
793 1751 1048 1804 credentur,

57 1817 90 1863 fi
105 1816 250 1895 potius
264 1816 571 1878 interpretetur
583 1816 740 1880 vulgus
753 1818 798 1863 &
812 1816 978 1862 divinet
992 1817 1047 1863 de

55 1884 105 1930 iis
123 1917 135 1936 ,
160 1898 297 1945 quam
309 1894 360 1927 ut
372 1882 568 1945 quotidie
581 1882 731 1928 videat.
761 1881 888 1928 Abfit
898 1894 1049 1930 tamen

54 1961 105 1996 ut
114 1960 379 2011 perpetuum
400 1947 608 1994 secessum
636 1947 754 2010 quasi
777 1947 954 1994 claustra
976 1961 1050 1995 aut
1084 1952 1087 1956 '

56 2028 273 2061 carcerem
287 2047 299 2066 ‚
323 2012 419 2059 imo
433 2012 575 2060 cubile
596 2013 789 2059 ferarum
815 2012 945 2077 (quae
970 2014 1049 2060 nisi

57 2080 267 2128 nociturae
282 2080 327 2124 in
338 2079 480 2142 palam
493 2079 712 2141 prodeunt
725 2080 742 2138 )
758 2079 947 2142 Principi
957 2079 1051 2126 sua-

57 2146 200 2200 deam,
215 2144 287 2192 sed
299 2146 491 2197 modum
504 2144 697 2211 require,
712 2156 761 2193 ut
772 2146 916 2208 potius
929 2145 1052 2211 quie..

961 2224 1056 2259 sem

735 2312 754 2333 Ι
