<?xml version="1.0" encoding="UTF-8"?>
<!DOCTYPE html PUBLIC "-//W3C//DTD XHTML 1.0 Transitional//EN"
    "http://www.w3.org/TR/xhtml1/DTD/xhtml1-transitional.dtd">
<html xmlns="http://www.w3.org/1999/xhtml" xml:lang="en" lang="en">
 <head>
  <title>
</title>
<meta http-equiv="Content-Type" content="text/html;charset=utf-8" />
  <meta name='ocr-system' content='tesseract 3.04.00' />
  <meta name='ocr-capabilities' content='ocr_page ocr_carea ocr_par ocr_line ocrx_word'/>
</head>
<body>
  <div class='ocr_page' id='page_1' title='image "./andreaemaximilia00fred_0117.png"; bbox 0 0 1320 2490; ppageno 0'>
   <div class='ocr_carea' id='block_1_1' title="bbox 191 86 1055 150">
    <p class='ocr_par' dir='ltr' id='par_1_1' title="bbox 191 86 1055 150">
     <span class='ocr_line' id='line_1_1' title="bbox 191 86 1055 150; baseline -0.003 -12"><span class='ocrx_word' id='word_1_1' title='bbox 191 95 431 139; x_wconf 62' lang='lat' dir='ltr'>smum.</span> <span class='ocrx_word' id='word_1_2' title='bbox 469 86 874 138; x_wconf 58' lang='lat' dir='ltr'>FRAGMENTA.</span> <span class='ocrx_word' id='word_1_3' title='bbox 954 107 1055 150; x_wconf 77' lang='lat'>107-</span> 
     </span>
    </p>
   </div>
   <div class='ocr_carea' id='block_1_2' title="bbox 0 173 1049 2256">
    <p class='ocr_par' dir='ltr' id='par_1_2' title="bbox 0 173 1049 2256">
     <span class='ocr_line' id='line_1_2' title="bbox 53 173 1045 239; baseline 0.001 -18"><span class='ocrx_word' id='word_1_4' title='bbox 53 174 193 222; x_wconf 86' lang='lat' dir='ltr'>aciem</span> <span class='ocrx_word' id='word_1_5' title='bbox 213 177 458 239; x_wconf 69' lang='lat' dir='ltr'>progressus</span> <span class='ocrx_word' id='word_1_6' title='bbox 482 174 654 221; x_wconf 90' lang='lat' dir='ltr'>hostem</span> <span class='ocrx_word' id='word_1_7' title='bbox 681 173 963 220; x_wconf 73' lang='lat' dir='ltr'>interemisset</span> <span class='ocrx_word' id='word_1_8' title='bbox 996 177 1045 222; x_wconf 73' lang='grc' dir='ltr'>δί</span> 
     </span>
     <span class='ocr_line' id='line_1_3' title="bbox 55 239 1038 304; baseline 0 -18"><span class='ocrx_word' id='word_1_9' title='bbox 55 241 196 287; x_wconf 87' lang='lat' dir='ltr'>civem</span> <span class='ocrx_word' id='word_1_10' title='bbox 221 241 417 287; x_wconf 75' lang='lat' dir='ltr'>servasset</span> <span class='ocrx_word' id='word_1_11' title='bbox 443 247 459 297; x_wconf 88' lang='lat'><em>(</em></span> <span class='ocrx_word' id='word_1_12' title='bbox 474 257 600 304; x_wconf 86' lang='lat' dir='ltr'>parva</span> <span class='ocrx_word' id='word_1_13' title='bbox 613 257 693 285; x_wconf 90' lang='lat' dir='ltr'>nec</span> <span class='ocrx_word' id='word_1_14' title='bbox 717 241 828 286; x_wconf 83' lang='lat' dir='ltr'>mira</span> <span class='ocrx_word' id='word_1_15' title='bbox 849 239 896 285; x_wconf 86' lang='lat' dir='ltr'>in</span> <span class='ocrx_word' id='word_1_16' title='bbox 917 240 1038 293; x_wconf 83' lang='lat' dir='ltr'>viro,</span> 
     </span>
     <span class='ocr_line' id='line_1_4' title="bbox 51 304 1047 370; baseline 0 -18"><span class='ocrx_word' id='word_1_17' title='bbox 51 305 123 352; x_wconf 87' lang='lat' dir='ltr'>sed</span> <span class='ocrx_word' id='word_1_18' title='bbox 136 309 226 354; x_wconf 67' lang='lat' dir='ltr'>rara</span> <span class='ocrx_word' id='word_1_19' title='bbox 239 307 338 370; x_wconf 83' lang='lat' dir='ltr'>quia</span> <span class='ocrx_word' id='word_1_20' title='bbox 348 307 392 353; x_wconf 91' lang='lat' dir='ltr'>in</span> <span class='ocrx_word' id='word_1_21' title='bbox 406 324 543 369; x_wconf 87' lang='lat' dir='ltr'>puero</span> <span class='ocrx_word' id='word_1_22' title='bbox 556 307 744 362; x_wconf 81' lang='lat' dir='ltr'>virtute)</span> <span class='ocrx_word' id='word_1_23' title='bbox 769 322 826 351; x_wconf 81' lang='lat' dir='ltr'>ex</span> <span class='ocrx_word' id='word_1_24' title='bbox 851 304 1047 352; x_wconf 72' lang='lat' dir='ltr'>senatus—</span> 
     </span>
     <span class='ocr_line' id='line_1_5' title="bbox 53 371 1042 434; baseline 0.001 -17"><span class='ocrx_word' id='word_1_25' title='bbox 53 372 252 419; x_wconf 84' lang='lat' dir='ltr'>consulto</span> <span class='ocrx_word' id='word_1_26' title='bbox 278 373 465 434; x_wconf 87' lang='lat' dir='ltr'>pofitam</span> <span class='ocrx_word' id='word_1_27' title='bbox 498 372 624 418; x_wconf 75' lang='lat' dir='ltr'>fuiffe</span> <span class='ocrx_word' id='word_1_28' title='bbox 648 372 693 417; x_wconf 90' lang='lat' dir='ltr'>in</span> <span class='ocrx_word' id='word_1_29' title='bbox 716 371 936 432; x_wconf 76' lang='lat' dir='ltr'>Capitolio</span> <span class='ocrx_word' id='word_1_30' title='bbox 957 373 1042 418; x_wconf 88' lang='lat' dir='ltr'>sta-</span> 
     </span>
     <span class='ocr_line' id='line_1_6' title="bbox 54 438 1043 499; baseline 0.001 -16"><span class='ocrx_word' id='word_1_31' title='bbox 54 448 180 484; x_wconf 83' lang='lat' dir='ltr'>tuam</span> <span class='ocrx_word' id='word_1_32' title='bbox 194 438 403 484; x_wconf 84' lang='lat' dir='ltr'>bullatam</span> <span class='ocrx_word' id='word_1_33' title='bbox 415 438 654 483; x_wconf 64' lang='lat' dir='ltr'>incinctam</span> <span class='ocrx_word' id='word_1_34' title='bbox 663 438 870 499; x_wconf 67' lang='lat' dir='ltr'>praetexta</span> <span class='ocrx_word' id='word_1_35' title='bbox 882 471 894 489; x_wconf 94' lang='lat'>,</span> <span class='ocrx_word' id='word_1_36' title='bbox 911 449 960 483; x_wconf 92' lang='lat' dir='ltr'>ut</span> <span class='ocrx_word' id='word_1_37' title='bbox 964 438 1043 498; x_wconf 84' lang='lat' dir='ltr'>ju-</span> 
     </span>
     <span class='ocr_line' id='line_1_7' title="bbox 50 501 1040 567; baseline -0.001 -19"><span class='ocrx_word' id='word_1_38' title='bbox 50 501 112 549; x_wconf 64' lang='lat' dir='ltr'>ste·</span> <span class='ocrx_word' id='word_1_39' title='bbox 139 504 397 567; x_wconf 81' lang='lat' dir='ltr'>magnitudo</span> <span class='ocrx_word' id='word_1_40' title='bbox 422 502 593 564; x_wconf 84' lang='lat' dir='ltr'>impeni</span> <span class='ocrx_word' id='word_1_41' title='bbox 619 518 740 549; x_wconf 80' lang='lat' dir='ltr'>exeo</span> <span class='ocrx_word' id='word_1_42' title='bbox 760 502 1040 564; x_wconf 80' lang='lat' dir='ltr'>sequeretur,</span> 
     </span>
     <span class='ocr_line' id='line_1_8' title="bbox 48 567 1037 632; baseline 0 -18"><span class='ocrx_word' id='word_1_43' title='bbox 48 569 124 614; x_wconf 92' lang='lat' dir='ltr'>ubi</span> <span class='ocrx_word' id='word_1_44' title='bbox 136 567 359 632; x_wconf 76' lang='lat' dir='ltr'>tantopere</span> <span class='ocrx_word' id='word_1_45' title='bbox 374 568 664 615; x_wconf 85' lang='lat' dir='ltr'>honoraretur</span> <span class='ocrx_word' id='word_1_46' title='bbox 674 567 809 613; x_wconf 86' lang='lat' dir='ltr'>virtus</span> <span class='ocrx_word' id='word_1_47' title='bbox 822 601 836 620; x_wconf 91' lang='lat'>‚</span> <span class='ocrx_word' id='word_1_48' title='bbox 849 569 1037 628; x_wconf 84' lang='lat' dir='ltr'>praemio</span> 
     </span>
     <span class='ocr_line' id='line_1_9' title="bbox 48 632 1037 697; baseline 0.001 -18"><span class='ocrx_word' id='word_1_49' title='bbox 48 634 138 695; x_wconf 60' lang='lat' dir='ltr'>qui&gt;</span> <span class='ocrx_word' id='word_1_50' title='bbox 162 635 396 697; x_wconf 74' lang='lat' dir='ltr'>praestitere</span> <span class='ocrx_word' id='word_1_51' title='bbox 428 637 473 681; x_wconf 85' lang='lat'>&amp;</span> <span class='ocrx_word' id='word_1_52' title='bbox 508 633 793 680; x_wconf 80' lang='lat' dir='ltr'>incitamento</span> <span class='ocrx_word' id='word_1_53' title='bbox 824 632 1037 695; x_wconf 75' lang='lat' dir='ltr'>posteris3</span> 
     </span>
     <span class='ocr_line' id='line_1_10' title="bbox 46 698 1044 747; baseline 0.001 -2"><span class='ocrx_word' id='word_1_54' title='bbox 46 699 281 747; x_wconf 79' lang='lat' dir='ltr'>summum</span> <span class='ocrx_word' id='word_1_55' title='bbox 304 701 435 747; x_wconf 89' lang='lat' dir='ltr'>credo</span> <span class='ocrx_word' id='word_1_56' title='bbox 446 699 553 746; x_wconf 89' lang='lat' dir='ltr'>hinc</span> <span class='ocrx_word' id='word_1_57' title='bbox 571 700 714 746; x_wconf 87' lang='lat' dir='ltr'>aderat</span> <span class='ocrx_word' id='word_1_58' title='bbox 732 698 938 745; x_wconf 79' lang='lat' dir='ltr'>omnibus</span> <span class='ocrx_word' id='word_1_59' title='bbox 950 699 1044 746; x_wconf 76' lang='lat' dir='ltr'>stu—</span> 
     </span>
     <span class='ocr_line' id='line_1_11' title="bbox 46 763 1037 829; baseline -0.001 -18"><span class='ocrx_word' id='word_1_60' title='bbox 46 765 173 812; x_wconf 87' lang='lat' dir='ltr'>dium</span> <span class='ocrx_word' id='word_1_61' title='bbox 218 783 296 829; x_wconf 86' lang='lat' dir='ltr'>per</span> <span class='ocrx_word' id='word_1_62' title='bbox 319 767 531 813; x_wconf 83' lang='lat' dir='ltr'>virtutem</span> <span class='ocrx_word' id='word_1_63' title='bbox 585 763 879 812; x_wconf 87' lang='lat' dir='ltr'>innotescendi</span> <span class='ocrx_word' id='word_1_64' title='bbox 928 765 1037 811; x_wconf 51' lang='lat' dir='ltr'>Rei,</span> 
     </span>
     <span class='ocr_line' id='line_1_12' title="bbox 45 830 1043 894; baseline 0.001 -17"><span class='ocrx_word' id='word_1_65' title='bbox 45 831 258 894; x_wconf 84' lang='lat' dir='ltr'>publicae,</span> <span class='ocrx_word' id='word_1_66' title='bbox 304 830 413 879; x_wconf 91' lang='lat' dir='ltr'>cum</span> <span class='ocrx_word' id='word_1_67' title='bbox 447 831 592 879; x_wconf 85' lang='lat' dir='ltr'>omnis</span> <span class='ocrx_word' id='word_1_68' title='bbox 606 831 805 878; x_wconf 86' lang='lat' dir='ltr'>virtusad</span> <span class='ocrx_word' id='word_1_69' title='bbox 836 830 1043 878; x_wconf 83' lang='lat' dir='ltr'>senatum</span> 
     </span>
     <span class='ocr_line' id='line_1_13' title="bbox 44 896 1042 975; baseline 0.001 -32"><span class='ocrx_word' id='word_1_70' title='bbox 44 896 315 952; x_wconf 85' lang='lat' dir='ltr'>deferretur,</span> <span class='ocrx_word' id='word_1_71' title='bbox 351 914 443 944; x_wconf 88' lang='lat' dir='ltr'>non</span> <span class='ocrx_word' id='word_1_72' title='bbox 478 897 624 975; x_wconf 66' lang='lat' dir='ltr'>magis</span> <span class='ocrx_word' id='word_1_73' title='bbox 651 897 876 960; x_wconf 79' lang='lat' dir='ltr'>pensanda</span> <span class='ocrx_word' id='word_1_74' title='bbox 898 912 1042 959; x_wconf 82' lang='lat' dir='ltr'>quam</span> 
     </span>
     <span class='ocr_line' id='line_1_14' title="bbox 43 961 1036 1025; baseline 0 -17"><span class='ocrx_word' id='word_1_75' title='bbox 43 961 329 1018; x_wconf 84' lang='lat' dir='ltr'>honoranda,</span> <span class='ocrx_word' id='word_1_76' title='bbox 362 975 415 1011; x_wconf 88' lang='lat' dir='ltr'>ut</span> <span class='ocrx_word' id='word_1_77' title='bbox 432 961 534 1010; x_wconf 72' lang='lat' dir='ltr'>vere</span> <span class='ocrx_word' id='word_1_78' title='bbox 551 980 643 1010; x_wconf 89' lang='lat' dir='ltr'>non</span> <span class='ocrx_word' id='word_1_79' title='bbox 666 964 746 1010; x_wconf 84' lang='lat' dir='ltr'>alia</span> <span class='ocrx_word' id='word_1_80' title='bbox 766 973 842 1010; x_wconf 83' lang='lat' dir='ltr'>aut</span> <span class='ocrx_word' id='word_1_81' title='bbox 861 963 1023 1025; x_wconf 85' lang='lat' dir='ltr'>major</span> <span class='ocrx_word' id='word_1_82' title='bbox 1019 996 1036 1016; x_wconf 91' lang='lat'><strong>,</strong></span> 
     </span>
     <span class='ocr_line' id='line_1_15' title="bbox 42 1027 1043 1093; baseline -0.001 -18"><span class='ocrx_word' id='word_1_83' title='bbox 42 1040 117 1076; x_wconf 84' lang='lat' dir='ltr'>aut</span> <span class='ocrx_word' id='word_1_84' title='bbox 137 1029 260 1093; x_wconf 88' lang='lat' dir='ltr'>prior</span> <span class='ocrx_word' id='word_1_85' title='bbox 293 1046 396 1076; x_wconf 86' lang='lat' dir='ltr'>cura</span> <span class='ocrx_word' id='word_1_86' title='bbox 429 1029 561 1076; x_wconf 78' lang='lat' dir='ltr'>inesse</span> <span class='ocrx_word' id='word_1_87' title='bbox 595 1029 747 1076; x_wconf 65' lang='lat' dir='ltr'>debmt</span> <span class='ocrx_word' id='word_1_88' title='bbox 769 1027 1043 1091; x_wconf 87' lang='lat' dir='ltr'>Rempubli-</span> 
     </span>
     <span class='ocr_line' id='line_1_16' title="bbox 41 1093 1049 1159; baseline -0.001 -18"><span class='ocrx_word' id='word_1_89' title='bbox 41 1110 140 1141; x_wconf 81' lang='lat' dir='ltr'>eam</span> <span class='ocrx_word' id='word_1_90' title='bbox 153 1096 198 1142; x_wconf 86' lang='lat' dir='ltr'>in</span> <span class='ocrx_word' id='word_1_91' title='bbox 211 1096 368 1143; x_wconf 91' lang='lat' dir='ltr'>melius</span> <span class='ocrx_word' id='word_1_92' title='bbox 381 1093 837 1159; x_wconf 58' lang='lat' dir='ltr'>stabilsturmquamut</span> <span class='ocrx_word' id='word_1_93' title='bbox 847 1095 947 1141; x_wconf 88' lang='lat' dir='ltr'>suus</span> <span class='ocrx_word' id='word_1_94' title='bbox 958 1094 1049 1140; x_wconf 74' lang='lat' dir='ltr'>sta·</span> 
     </span>
     <span class='ocr_line' id='line_1_17' title="bbox 41 1160 1037 1223; baseline -0.002 -16"><span class='ocrx_word' id='word_1_95' title='bbox 41 1170 191 1207; x_wconf 74' lang='lat' dir='ltr'>tuatur</span> <span class='ocrx_word' id='word_1_96' title='bbox 200 1161 344 1209; x_wconf 90' lang='lat' dir='ltr'>honos</span> <span class='ocrx_word' id='word_1_97' title='bbox 357 1162 538 1214; x_wconf 85' lang='lat' dir='ltr'>virtuti,</span> <span class='ocrx_word' id='word_1_98' title='bbox 560 1161 609 1207; x_wconf 89' lang='lat' dir='ltr'>in</span> <span class='ocrx_word' id='word_1_99' title='bbox 621 1178 720 1208; x_wconf 64' lang='lat' dir='ltr'>eam</span> <span class='ocrx_word' id='word_1_100' title='bbox 730 1160 1037 1223; x_wconf 79' lang='lat' dir='ltr'>remaliquem</span> 
     </span>
     <span class='ocr_line' id='line_1_18' title="bbox 22 1225 1039 1291; baseline 0.001 -20"><span class='ocrx_word' id='word_1_101' title='bbox 22 1227 353 1291; x_wconf 79' lang='lat' dir='ltr'>.Magistratum</span> <span class='ocrx_word' id='word_1_102' title='bbox 398 1227 695 1274; x_wconf 86' lang='lat' dir='ltr'>substituendo</span> <span class='ocrx_word' id='word_1_103' title='bbox 741 1227 818 1289; x_wconf 88' lang='lat' dir='ltr'>qui</span> <span class='ocrx_word' id='word_1_104' title='bbox 875 1225 1039 1272; x_wconf 79' lang='lat' dir='ltr'>referat</span> 
     </span>
     <span class='ocr_line' id='line_1_19' title="bbox 37 1290 1036 1356; baseline -0.001 -18"><span class='ocrx_word' id='word_1_105' title='bbox 37 1292 230 1355; x_wconf 83' lang='lat' dir='ltr'>Principi</span> <span class='ocrx_word' id='word_1_106' title='bbox 263 1297 310 1341; x_wconf 67' lang='grc' dir='ltr'>ὃ(</span> <span class='ocrx_word' id='word_1_107' title='bbox 347 1292 618 1356; x_wconf 76' lang='lat' dir='ltr'>Reipublicae</span> <span class='ocrx_word' id='word_1_108' title='bbox 642 1328 659 1348; x_wconf 84' lang='lat'>‚</span> <span class='ocrx_word' id='word_1_109' title='bbox 700 1290 774 1337; x_wconf 89' lang='lat' dir='ltr'>seu</span> <span class='ocrx_word' id='word_1_110' title='bbox 809 1291 863 1337; x_wconf 87' lang='lat' dir='ltr'>ad</span> <span class='ocrx_word' id='word_1_111' title='bbox 897 1307 1036 1355; x_wconf 90' lang='lat' dir='ltr'>quem</span> 
     </span>
     <span class='ocr_line' id='line_1_20' title="bbox 37 1354 1034 1420; baseline -0.002 -17"><span class='ocrx_word' id='word_1_112' title='bbox 37 1357 256 1406; x_wconf 82' lang='lat' dir='ltr'>deferatur</span> <span class='ocrx_word' id='word_1_113' title='bbox 286 1359 342 1405; x_wconf 93' lang='lat' dir='ltr'>de</span> <span class='ocrx_word' id='word_1_114' title='bbox 375 1357 668 1405; x_wconf 75' lang='lat' dir='ltr'>benemeritis.</span> <span class='ocrx_word' id='word_1_115' title='bbox 738 1354 914 1403; x_wconf 81' lang='lat' dir='ltr'>Verum</span> <span class='ocrx_word' id='word_1_116' title='bbox 949 1373 1034 1420; x_wconf 82' lang='lat' dir='ltr'>ego</span> 
     </span>
     <span class='ocr_line' id='line_1_21' title="bbox 39 1422 1031 1487; baseline -0.001 -18"><span class='ocrx_word' id='word_1_117' title='bbox 39 1422 204 1470; x_wconf 85' lang='lat' dir='ltr'>iterum</span> <span class='ocrx_word' id='word_1_118' title='bbox 238 1424 291 1470; x_wconf 89' lang='lat' dir='ltr'>ad</span> <span class='ocrx_word' id='word_1_119' title='bbox 327 1427 559 1471; x_wconf 87' lang='lat' dir='ltr'>Romanos</span> <span class='ocrx_word' id='word_1_120' title='bbox 595 1423 726 1470; x_wconf 91' lang='lat' dir='ltr'>redeo</span> <span class='ocrx_word' id='word_1_121' title='bbox 758 1458 771 1477; x_wconf 95' lang='lat'>,</span> <span class='ocrx_word' id='word_1_122' title='bbox 832 1438 1031 1487; x_wconf 87' lang='lat' dir='ltr'>quorum</span> 
     </span>
     <span class='ocr_line' id='line_1_22' title="bbox 34 1488 1031 1569; baseline 0 -35"><span class='ocrx_word' id='word_1_123' title='bbox 34 1488 214 1535; x_wconf 81' lang='lat' dir='ltr'>alteram</span> <span class='ocrx_word' id='word_1_124' title='bbox 237 1506 294 1536; x_wconf 76' lang='lat' dir='ltr'>ex</span> <span class='ocrx_word' id='word_1_125' title='bbox 326 1507 381 1537; x_wconf 87' lang='lat' dir='ltr'>eo</span> <span class='ocrx_word' id='word_1_126' title='bbox 414 1489 694 1569; x_wconf 69' lang='lat' dir='ltr'>prudentiam</span> <span class='ocrx_word' id='word_1_127' title='bbox 730 1489 1031 1564; x_wconf 81' lang='lat' dir='ltr'>collig0,qu1</span> 
     </span>
     <span class='ocr_line' id='line_1_23' title="bbox 34 1553 1026 1619; baseline 0.001 -20"><span class='ocrx_word' id='word_1_128' title='bbox 34 1553 234 1600; x_wconf 81' lang='lat' dir='ltr'>maluere</span> <span class='ocrx_word' id='word_1_129' title='bbox 258 1555 429 1602; x_wconf 87' lang='lat' dir='ltr'>honore</span> <span class='ocrx_word' id='word_1_130' title='bbox 464 1571 608 1619; x_wconf 82' lang='lat' dir='ltr'>quam</span> <span class='ocrx_word' id='word_1_131' title='bbox 634 1556 825 1617; x_wconf 84' lang='lat' dir='ltr'>praemio</span> <span class='ocrx_word' id='word_1_132' title='bbox 854 1570 1026 1600; x_wconf 88' lang='lat' dir='ltr'>recom-</span> 
     </span>
     <span class='ocr_line' id='line_1_24' title="bbox 33 1618 1029 1694; baseline 0 -30"><span class='ocrx_word' id='word_1_133' title='bbox 33 1618 209 1681; x_wconf 63' lang='lat' dir='ltr'>pensare</span> <span class='ocrx_word' id='word_1_134' title='bbox 232 1621 470 1674; x_wconf 86' lang='lat' dir='ltr'>virtutem,</span> <span class='ocrx_word' id='word_1_135' title='bbox 507 1622 679 1694; x_wconf 76' lang='lat' dir='ltr'>partim</span> <span class='ocrx_word' id='word_1_136' title='bbox 693 1635 743 1667; x_wconf 89' lang='lat' dir='ltr'>ut</span> <span class='ocrx_word' id='word_1_137' title='bbox 765 1620 919 1667; x_wconf 80' lang='lat' dir='ltr'>minus</span> <span class='ocrx_word' id='word_1_138' title='bbox 942 1620 1029 1665; x_wconf 89' lang='lat' dir='ltr'>im·</span> 
     </span>
     <span class='ocr_line' id='line_1_25' title="bbox 33 1684 1031 1748; baseline 0.001 -18"><span class='ocrx_word' id='word_1_139' title='bbox 33 1684 175 1747; x_wconf 84' lang='lat' dir='ltr'>pensae</span> <span class='ocrx_word' id='word_1_140' title='bbox 198 1685 472 1733; x_wconf 87' lang='lat' dir='ltr'>incumberet</span> <span class='ocrx_word' id='word_1_141' title='bbox 495 1687 644 1733; x_wconf 86' lang='lat' dir='ltr'>aerario</span> <span class='ocrx_word' id='word_1_142' title='bbox 667 1687 713 1732; x_wconf 88' lang='lat' dir='ltr'>in</span> <span class='ocrx_word' id='word_1_143' title='bbox 726 1685 928 1748; x_wconf 82' lang='lat' dir='ltr'>ponenda</span> <span class='ocrx_word' id='word_1_144' title='bbox 951 1687 1031 1731; x_wconf 54' lang='lat' dir='ltr'>stae</span> 
     </span>
     <span class='ocr_line' id='line_1_26' title="bbox 33 1751 1028 1813; baseline 0 -17"><span class='ocrx_word' id='word_1_145' title='bbox 33 1761 136 1803; x_wconf 85' lang='lat' dir='ltr'>tua,</span> <span class='ocrx_word' id='word_1_146' title='bbox 176 1767 310 1813; x_wconf 81' lang='lat' dir='ltr'>quam</span> <span class='ocrx_word' id='word_1_147' title='bbox 335 1752 367 1796; x_wconf 84' lang='lat' dir='ltr'><strong>fi</strong></span> <span class='ocrx_word' id='word_1_148' title='bbox 392 1752 655 1798; x_wconf 82' lang='lat' dir='ltr'>divideretur</span> <span class='ocrx_word' id='word_1_149' title='bbox 679 1751 865 1798; x_wconf 87' lang='lat' dir='ltr'>multis&#39;</span> <span class='ocrx_word' id='word_1_150' title='bbox 852 1767 899 1796; x_wconf 93' lang='lat' dir='ltr'>1n</span> <span class='ocrx_word' id='word_1_151' title='bbox 919 1766 1028 1812; x_wconf 85' lang='lat' dir='ltr'>prae-</span> 
     </span>
     <span class='ocr_line' id='line_1_27' title="bbox 33 1816 1026 1878; baseline -0.001 -16"><span class='ocrx_word' id='word_1_152' title='bbox 33 1816 205 1869; x_wconf 86' lang='lat' dir='ltr'>mium,</span> <span class='ocrx_word' id='word_1_153' title='bbox 233 1817 392 1878; x_wconf 79' lang='lat' dir='ltr'>partim</span> <span class='ocrx_word' id='word_1_154' title='bbox 413 1830 464 1863; x_wconf 91' lang='lat' dir='ltr'>ut</span> <span class='ocrx_word' id='word_1_155' title='bbox 476 1817 684 1863; x_wconf 87' lang='lat' dir='ltr'>omnibus</span> <span class='ocrx_word' id='word_1_156' title='bbox 709 1817 1026 1869; x_wconf 78' lang='lat' dir='ltr'>inculcaretur,</span> 
     </span>
     <span class='ocr_line' id='line_1_28' title="bbox 30 1882 1027 1944; baseline 0.001 -18"><span class='ocrx_word' id='word_1_157' title='bbox 30 1882 244 1929; x_wconf 86' lang='lat' dir='ltr'>virtutem</span> <span class='ocrx_word' id='word_1_158' title='bbox 254 1883 319 1929; x_wconf 90' lang='lat' dir='ltr'>sui</span> <span class='ocrx_word' id='word_1_159' title='bbox 331 1883 568 1944; x_wconf 66' lang='lat' dir='ltr'>praestantia</span> <span class='ocrx_word' id='word_1_160' title='bbox 580 1899 672 1929; x_wconf 87' lang='lat' dir='ltr'>non</span> <span class='ocrx_word' id='word_1_161' title='bbox 683 1884 871 1930; x_wconf 82' lang='lat' dir='ltr'>utilitate</span> <span class='ocrx_word' id='word_1_162' title='bbox 882 1885 902 1943; x_wconf 75' lang='grc' dir='ltr'><em>ζ</em></span> <span class='ocrx_word' id='word_1_163' title='bbox 905 1882 1027 1944; x_wconf 87' lang='lat' dir='ltr'>quod</span> 
     </span>
     <span class='ocr_line' id='line_1_29' title="bbox 32 1944 1025 2011; baseline 0.002 -20"><span class='ocrx_word' id='word_1_164' title='bbox 32 1946 297 2009; x_wconf 81' lang='lat' dir='ltr'>ignavorum</span> <span class='ocrx_word' id='word_1_165' title='bbox 324 1950 412 2006; x_wconf 89' lang='lat' dir='ltr'>est)</span> <span class='ocrx_word' id='word_1_166' title='bbox 450 1948 738 2011; x_wconf 86' lang='lat' dir='ltr'>pensandam,</span> <span class='ocrx_word' id='word_1_167' title='bbox 763 1948 896 1994; x_wconf 89' lang='lat' dir='ltr'>credo</span> <span class='ocrx_word' id='word_1_168' title='bbox 919 1944 1025 1993; x_wconf 73' lang='lat' dir='ltr'>vero</span> 
     </span>
     <span class='ocr_line' id='line_1_30' title="bbox 30 2012 1025 2078; baseline 0.003 -22"><span class='ocrx_word' id='word_1_169' title='bbox 30 2012 166 2074; x_wconf 85' lang='lat' dir='ltr'>pluris</span> <span class='ocrx_word' id='word_1_170' title='bbox 200 2014 376 2060; x_wconf 75' lang='lat' dir='ltr'>valuisse</span> <span class='ocrx_word' id='word_1_171' title='bbox 408 2014 619 2078; x_wconf 87' lang='lat' dir='ltr'>generoso</span> <span class='ocrx_word' id='word_1_172' title='bbox 643 2014 812 2076; x_wconf 67' lang='lat' dir='ltr'>pestori</span> <span class='ocrx_word' id='word_1_173' title='bbox 847 2029 1025 2060; x_wconf 82' lang='lat' dir='ltr'>memo-</span> 
     </span>
     <span class='ocr_line' id='line_1_31' title="bbox 29 2078 1019 2144; baseline 0.003 -21"><span class='ocrx_word' id='word_1_174' title='bbox 29 2079 141 2124; x_wconf 86' lang='lat' dir='ltr'>riam</span> <span class='ocrx_word' id='word_1_175' title='bbox 162 2079 449 2140; x_wconf 85' lang='lat' dir='ltr'>posthumam</span> <span class='ocrx_word' id='word_1_176' title='bbox 475 2080 666 2133; x_wconf 86' lang='lat' dir='ltr'>virtutis,</span> <span class='ocrx_word' id='word_1_177' title='bbox 692 2078 828 2144; x_wconf 69' lang='lat' dir='ltr'>quam</span> <span class='ocrx_word' id='word_1_178' title='bbox 843 2079 1019 2126; x_wconf 87' lang='lat' dir='ltr'>donain</span> 
     </span>
     <span class='ocr_line' id='line_1_32' title="bbox 0 2146 1030 2223; baseline -0.003 -31"><span class='ocrx_word' id='word_1_179' title='bbox 0 2207 4 2223; x_wconf 73' lang='lat'><em>,</em></span> <span class='ocrx_word' id='word_1_180' title='bbox 28 2159 140 2192; x_wconf 83' lang='lat' dir='ltr'>auro</span> <span class='ocrx_word' id='word_1_181' title='bbox 159 2147 205 2192; x_wconf 83' lang='lat'>&amp;</span> <span class='ocrx_word' id='word_1_182' title='bbox 218 2146 486 2202; x_wconf 83' lang='lat' dir='ltr'>maxima,in</span> <span class='ocrx_word' id='word_1_183' title='bbox 497 2146 678 2210; x_wconf 84' lang='lat' dir='ltr'>praesens</span> <span class='ocrx_word' id='word_1_184' title='bbox 691 2146 871 2208; x_wconf 88' lang='lat' dir='ltr'>praemia</span> <span class='ocrx_word' id='word_1_185' title='bbox 882 2180 895 2200; x_wconf 91' lang='lat'>,</span> <span class='ocrx_word' id='word_1_186' title='bbox 910 2161 1030 2208; x_wconf 82' lang='lat' dir='ltr'>quo--</span> 
     </span>
     <span class='ocr_line' id='line_1_33' title="bbox 916 2225 1022 2256; baseline 0 0"><span class='ocrx_word' id='word_1_187' title='bbox 916 2225 1022 2256; x_wconf 88' lang='lat' dir='ltr'>rum</span> 
     </span>
    </p>
   </div>
  </div>
 </body>
</html>
