1320 2490
192 125 252 186 38
332 125 611 170 ANDREAE
646 123 1092 169 MAx.FRE1›1³0

184 207 339 254 habeat
358 208 523 254 amicos
536 207 744 253 omnibus
769 206 989 253 inimicus.
1006 207 1076 252 Sic
1089 205 1179 252 fere

184 275 348 336 cuique
371 276 688 334 Tyrannoi‘um
710 273 762 318 ab
788 273 895 318 orbe
917 273 1065 334 primo
1081 289 1180 318 eve-

185 339 265 385 nit.
305 339 382 384 Ast
407 349 456 385 tu
467 338 584 384 bone
599 338 803 400 Princeps
817 339 880 383 vis
894 349 1042 383 tamen
1053 338 1180 383 tolle—

185 421 234 449 re
246 420 402 449 omnes
425 403 715 466 obloquentes
732 438 745 456 ,
772 402 870 449 reae?
884 402 956 463 fac
973 411 1029 453 (φ’
1044 417 1156 466 parce
1168 437 1182 456 ‚

187 471 234 516 ἃ
247 485 404 515 omnes
416 468 556 515 tolles.
584 467 807 514 Fidiffima
822 469 1028 532 Principis
1042 469 1180 515 custo-

187 534 258 580 dia
269 534 399 597 ipfius
413 533 661 580 innocentia
674 567 688 587 ,
714 550 806 580 non
820 534 878 580 fic
895 534 1091 581 excubiae
1104 550 1191 580 nec

187 599 564 663 circumstantium
579 600 663 646 tela
676 634 688 653 ,
716 597 849 662 quam
865 613 1029 646 rutatur
1040 616 1185 656 amor,

187 677 299 713 aeut
320 666 456 711 verbo
481 665 678 710 claudam
694 699 716 718 ,,
734 666 828 711 haec
853 683 929 711 arx
951 666 1156 711 inacccffa
1169 699 1183 718 ,

190 731 305 778 hoc
309 731 645 777 munimentum
670 728 1010 792 inexpuornabile
1035 730 1183 777 muni·

189 809 347 844 mento
357 813 449 842 non
461 813 602 860 egere
642 796 724 842 Et
712 812 807 841 naec
831 814 857 841 v
859 797 885 842 1
877 797 1000 842 tutis
1013 809 1098 842 tuae
1113 795 1185 842 fu-

190 874 286 909 tura
298 863 477 925 praemia
492 897 508 915 ,
529 879 719 926 regnum
731 861 825 908 seiv
828 862 942 915 abis,
956 859 1105 908 iecure
1121 878 1148 906 v
1150 862 1196 906 i-‘

190 943 292 981 ves,
319 931 365 974 δί
379 929 647 974 memoriam
672 929 786 990 apud
798 946 871 990 po
860 929 990 973 teros
1006 940 1186 973 aeterna-

189 992 282 1047 bis,
309 994 421 1039 inter
434 993 711 1056 superstitum
736 994 966 1040 lachrimas
993 992 1185 1055 &suspi-

189 1059 282 1112 ria,
318 1062 364 1105 &
388 1059 501 1105 inter
513 1075 672 1123 magna
694 1060 940 1121 proborum
962 1057 1183 1120 exempla.

189 1125 333 1187 Q'od
357 1141 587 1188 nunquam
610 1128 819 1188 Tyranno
843 1123 1032 1187 Principi
1057 1139 1185 1170 even-

190 1200 344 1237 turum
361 1226 377 1245 ,
399 1191 471 1236 cui
494 1191 602 1236 illud
615 1191 662 1236 in
673 1207 855 1253 poenam
879 1189 1188 1255 gravlffimum

191 1257 266 1310 est,
281 1256 384 1319 quia
403 1255 481 1301 fibi
493 1256 666 1318 semper
688 1257 863 1309 metuit,
877 1267 1108 1319 torquetur
1121 1255 1186 1301 in-

190 1319 262 1367 tro
300 1325 345 1368 ὃς
370 1321 671 1375 consumitur,
712 1321 953 1368 diffidentia
986 1321 1033 1366 in
1056 1320 1192 1366 suum

190 1387 413 1450 populum
437 1387 701 1440 laborando,
730 1404 822 1434 non
849 1387 971 1450 quod
996 1385 1197 1466 populus
1229 1383 1233 1386 ’

191 1454 334 1499 malus
346 1453 424 1506 fit,
438 1453 511 1499 sed
523 1453 625 1515 quia
635 1422 723 1515 ipse
736 1469 826 1499 11011
838 1453 1007 1506 13011115,
1023 1455 1067 1499 3(
1082 1467 1191 1497 cum

193 1534 272 1581 per
285 1487 593 1564 conscientiam
609 1518 882 1582 flagitiorum
890 1516 1005 1579 juste
1017 1516 1095 1562 fibi
1108 1531 1195 1578 po·

193 1584 352 1646 pulum
367 1583 696 1630 adversaturum
709 1584 860 1637 credit,
875 1584 976 1629 licet
987 1582 1085 1628 alias
1098 1598 1192 1627 non

194 1649 465 1702 adversatur,
491 1649 742 1712 periculum
767 1661 917 1695 tamen
929 1647 1193 1711 suspicatur,

195 1714 356 1760 diffidit
378 1715 535 1761 deinde
559 1749 572 1767 ,
623 1716 677 1761 de
713 1715 883 1761 auxiliis
917 1714 1070 1759 anxius
1107 1714 1193 1766 est,

195 1780 375 1826 consilia
435 1781 621 1826 molitur
646 1815 658 1834 ,
713 1780 936 1843 populum
982 1778 1191 1825 distiahit.

197 1847 298 1891 Nec
321 1843 436 1891 certe
453 1844 541 1892 scio
571 1847 821 1920 Principem
833 1845 912 1891 suo
925 1845 1093 1908 populo
1108 1842 1194 1888 dif-

194 1909 435 1963 fidentem,
461 1911 541 1957 nisi
555 1913 672 1974 qui
659 1913 780 1976 flagit
768 1911 896 1958 iosus
909 1910 997 1972 ipse
1009 1910 1097 1962 fit
1115 1924 1196 1954 nec

196 1991 325 2022 am01
327 1993 400 2021 cm
413 1976 491 2021 fibi
504 1978 649 2023 debeli
661 1978 714 2023 ab
726 1994 780 2023 eo
793 1977 961 2039 populo
978 1982 1074 2038 (per
1087 1990 1195 2020 con-

196 2040 419 2088 scientiam
433 2042 606 2106 flagitii)
633 2043 796 2106 sperat,
824 2058 959 2104 quem
977 2039 1187 2087 offendit
1176 2073 1189 2093 ,

199 2106 375 2152 minore
396 2106 494 2154 alias
520 2124 676 2170 oper,a
702 2112 747 2156 ἃ
770 2107 960 2153 securius
984 2122 1089 2152 eum
1116 2104 1198 2150 fibi

205 2172 560 2222 reconciliaturus
586 2190 700 2221 nova
724 2173 908 2228 virtute,
935 2187 1071 2236 quam
1096 2169 1127 2217 s1
1143 2169 1198 2216 de

1086 2251 1196 2299 prae-
