1320 2490
281 115 372 159 116
408 112 679 156 ANDREAE
713 110 886 155 MAx.›
916 107 1157 161 FnssnRo

342 195 493 242 Aliam
516 196 662 258 potius
675 195 846 244 causam
870 199 1101 246 tractandae
1123 202 1184 248 rei
1207 201 1266 246 le-

274 268 380 326 gato
391 262 568 308 edissere
578 296 592 315 ‚
607 260 907 326 quamveram
920 281 1055 328 quam
1067 267 1270 318 intendiS,
1290 288 1291 293 ¹
1315 281 1320 310 e

272 343 332 373 ne
343 326 560 375 secretum
582 328 955 391 adipiscendarum
976 348 1129 379 rerum
1153 348 1274 379 ema-

274 405 353 440 net
362 429 376 449 ,
392 410 536 458 eoque
547 394 767 443 difficilius
778 396 1071 444 obtineantur.

342 459 602 508 Secretarius
614 462 863 510 attribuitur
875 463 1019 527 legato
1033 498 1047 518 ‚
1064 465 1112 510 in
1125 463 1274 510 casum

275 539 452 575 mortis.

342 593 492 641 Plures
505 591 636 657 legati
649 594 854 641 mittendi
870 601 964 658 (aut
978 595 1070 642 duo
1081 595 1233 641 saltem
1249 594 1277 651 ).
1308 598 1313 606 '

271 661 437 722 partim
451 676 506 706 ne
519 676 633 706 unus
645 659 843 722 impensa
855 672 1061 725 gravetur
1070 696 1085 715 ,
1110 661 1274 723 partim

271 736 326 773 -ut
347 727 486 773 arduo
510 726 690 789 negotio
703 726 848 790 plures
870 726 1036 775 facilius
1059 726 1276 774 sufficiant

271 792 556 839 conficiendo
580 791 627 838 in
640 792 820 840 diversas
844 805 1008 857 partes,
1036 792 1274 856 practicam·-
1319 820 1320 823 =

274 859 337 906 do
350 859 461 906 inter
471 870 747 922 purpuratos,
761 859 1199 924 respondendQunus
1210 870 1275 906 ta·
1286 888 1287 893 =

276 940 386 972 men
396 923 657 988 praeficiatur
670 959 684 980 ,
710 943 765 973 ne
785 926 878 991 pari
902 924 1184 974 aemulatione
1206 940 1287 971 res¹

273 990 586 1054 impediantur.
959 1050 962 1052 v

334 1058 432 1122 Qi
448 1058 651 1121 Princeps
665 1059 808 1106 eunde
822 1057 932 1121 saepe
944 1057 991 1104 in
1004 1056 1282 1122 legationem
1304 1056 1320 1104 b

271 1123 462 1188 ablegat,
476 1125 655 1187 penuria
666 1125 867 1173 virorum
880 1125 1053 1172 videtur
1064 1121 1270 1170 laborare.

345 1191 390 1236 Si
402 1203 514 1238 errat
523 1190 624 1238 suus
635 1190 802 1255 legatus
815 1228 832 1250 ,
852 1208 945 1238 non
970 1190 1115 1237 statim
1137 1187 1320 1236 minaest

270 1254 554 1304 intendendae
575 1268 653 1321 'per
671 1258 811 1305 literas
825 1295 837 1312 ,
863 1257 1051 1321 nifipost
1071 1255 1275 1302 exactam
1305 1272 1319 1321 q

276 1322 547 1386 legationem
561 1358 574 1378 ,
599 1340 655 1371 ne
678 1324 710 1370 fi
723 1325 870 1388 gratiae
883 1339 1072 1371 omnem
1084 1320 1284 1368 amiserit

274 1389 403 1452 :spem
418 1424 430 1442 ,
454 1390 686 1451 perturbas
710 1390 916 1436 evadendi
943 1390 1062 1436 viam
1084 1397 1251 1451 quaerat
1260 1420 1283 1442 ,2
1302 1405 1320 1436 at

275 1455 434 1502 omnia
460 1453 710 1504 turbaturus
729 1455 929 1516 praefidio
951 1455 1044 1506 sui,
1080 1454 1151 1499 vel
1172 1453 1276 1516 quia
1304 1471 1320 1501 m

276 1520 532 1584 desperavit.
801 1531 805 1533 ’
1308 1535 1320 1565 c

347 1587 506 1634 Privati
530 1586 667 1639 cives,
706 1585 871 1649 legatos
900 1584 954 1630 ad
979 1593 1150 1630 exteros
1183 1598 1281 1630 non·

278 1653 487 1706 mittant,
524 1650 603 1698 sub
624 1652 809 1698 crimine
833 1649 940 1696 laesae
966 1648 1200 1713 Majestatis
1228 1651 1276 1696 ὃς

280 1718 554 1782 Reipublicae
568 1752 580 1771 ‚
604 1734 714 1764 neve
735 1718 789 1763 ad
812 1717 855 1763 se
867 1715 1017 1762 miffos
1040 1715 1274 1778 recipiant,

274 1797 355 1836 ‘aut
373 1785 405 1831 fi
418 1796 674 1847 receperunt
688 1819 700 1838 ,
728 1783 868 1830 literas
880 1797 1037 1829 omnes
1061 1783 1105 1828 ὃς
1119 1781 1279 1828 seriem
1310 1786 1320 1830 ε’

280 1851 509 1916 legationis
533 1851 585 1897 ad
598 1850 849 1913 Principem
871 1847 1090 1901 deferant,
1105 1846 1275 1910 ipsum·

280 1932 370 1981 que
381 1918 579 1981 legatum
601 1917 654 1962 ad
667 1916 915 1978 Principem
939 1914 1086 1960 venire
1098 1922 1273 1977 cogant.
1311 1918 1320 1962 l

348 1983 393 2028 Si
418 1983 654 2046 contigerit
675 1981 850 2028 retineri
862 1980 1060 2028 nostrum
1076 1979 1274 2044 legatum
1316 1999 1320 2028 1

275 2048 435 2097 alicubi
449 2083 462 2101 ,
475 2047 692 2111 peregrini
702 2047 855 2093 itidem
870 2048 962 2110 ejus
973 2045 1114 2112 gentis
1128 2080 1141 2100 ,
1156 2059 1277 2092 mer-

275 2125 444 2165 catores
459 2148 471 2168 ‚
497 2116 720 2161 &merces
743 2113 790 2159 in
803 2114 944 2160 nostra
965 2125 1078 2161 terra
1087 2128 1170 2177 pro
1194 2109 1275 2159 ob-
1310 2131 1320 2161 t

280 2180 396 2233 sidio
416 2180 667 2245 legatorum
690 2180 926 2245 capiantur.

1146 2239 1276 2313 Pidos
