1320 2490
229 155 471 200 Scaxpr.
512 157 904 208 FRAGMENTA.
981 178 1070 225 309

72 237 215 284 rendis
230 240 471 287 authorum
486 241 604 289 libris
617 279 628 297 ,
643 246 862 294 curiositas
875 250 1067 296 honnul-

4 347 6 349 ,
71 302 224 350 lorum
239 307 378 369 magis
394 307 571 364 laborat,
588 308 724 372 quzim
735 311 854 359 reste
868 314 1063 362 sciendo-

71 384 175 414 rum
188 371 348 433 cupido
361 407 374 425 ,
390 385 439 419 ut
449 373 577 421 satius
589 376 825 424 dicendum
838 378 915 433 fit,
941 382 1066 428 Prin-

0 452 3 455 ·
71 435 177 496 cipis
201 436 456 486 cubiculum
480 456 572 486 non
596 442 738 502 majus
750 458 1066 494 ornamentum

68 501 122 546 ad
168 502 442 564 Majestatem
496 507 797 567 compositum
839 510 1070 559 admittere

70 566 191 627 poffe
204 601 216 618 ‚
237 564 380 631 quim
392 585 536 616 unum
551 570 829 637 alterumque
854 576 898 623 in
918 577 1068 624 menfii

0 670 6 687 ἶ,
67 630 234 678 librum
248 668 262 687 ‚
287 632 393 680 cum
409 651 499 681 non
516 635 787 685 Bibliotheca
801 642 934 690 mutis
947 642 1065 690 libris

0 697 5 723 ³
71 697 226 751 dosta,
251 698 322 746 sed
335 715 461 748 mens
473 702 681 765 Principis
694 704 931 755 ssilubribus
958 725 1064 756 con-

68 762 171 810 filiis
206 765 363 812 referta
384 767 587 829 penfitur
601 804 612 822 ‚
651 768 787 833 quum
813 774 1065 836 proborum

69 829 334 877 Authorum
348 866 361 885 ,
379 832 450 879 sed
462 834 699 896 praesertim
714 838 914 886 Historiae
929 840 1064 889 lestio

68 897 114 941 &
128 896 507 960 Geographorum
522 902 674 948 notitia
688 903 861 965 copiose
874 906 1034 970 ingerit
1045 942 1060 962 ,

68 976 174 1007 nam
198 962 293 1008 haec
313 963 367 1010 ad
401 963 626 1013 summam
659 971 883 1033 regiminis
907 973 1058 1020 confe-

65 1037 171 1073 runt
182 1048 194 1080 5
211 1027 327 1075 Hinc
337 1029 696 1081 altioraestimatio
716 1037 909 1098 personae
933 1041 1062 1086 Prin-

64 1092 169 1154 cipis
180 1092 425 1149 suboritur,
442 1099 485 1143 &
501 1099 750 1148 ediftorum
763 1137 776 1156 ,
801 1104 910 1151 dum
936 1105 1060 1153 inco-

65 1157 118 1204 lae
131 1159 363 1207 advertunt
373 1163 624 1225 Principem
637 1166 765 1214 suum
782 1204 795 1223 ,
817 1186 908 1217 non
921 1169 1059 1234 ’ἐρω-

62 1221 159 1286 prio
173 1224 348 1272 tantum
360 1228 492 1292 genio
506 1264 518 1283 ‚
543 1229 615 1278 sed
625 1233 748 1281 altius
773 1235 826 1282 ab
838 1239 1060 1285 anteasto-

64 1306 168 1336 rum
183 1302 439 1354 temporum
454 1296 605 1343 notitia
630 1315 780 1346 eruere
802 1303 979 1350 consilia
988 1320 1057 1350 re-

64 1355 163 1414 sta,
187 1356 305 1404 Velut
327 1357 351 1405 ἐ
367 1360 593 1420 profundo
617 1367 844 1414 montium
871 1367 1056 1432 operose

64 1420 234 1467 foditur
265 1423 412 1470 nobile
444 1442 617 1475 aurum.
656 1436 757 1478 Hinc
769 1438 899 1481 omnia
934 1435 1058 1482 Prin-

65 1502 164 1549 ceps
177 1487 330 1536 habeat
340 1524 354 1544 ‚
382 1491 454 1537 seu
468 1509 598 1540 novas
612 1495 727 1559 leges
745 1498 798 1559 <fi
810 1500 861 1545 ad
873 1500 1060 1549 sulutem

58 1553 217 1616 populi
238 1553 352 1601 ultra
371 1557 628 1618 conferant)
655 1562 956 1627 suggesturus,
981 1567 1058 1614 seu

62 1620 260 1682 antiquas
271 1620 399 1683 super
411 1639 515 1685 quas
521 1626 540 1686 j
548 1627 686 1673 uravit
699 1663 712 1681 ,
729 1629 1028 1680 observaturus
1040 1666 1057 1688 ,

38 1688 40 1690 ’
63 1696 114 1730 ut
125 1686 175 1731 ad
188 1702 337 1734 earum
352 1704 560 1736 normam
571 1691 615 1737 se
627 1708 866 1757 componat
877 1732 890 1751 ‚
914 1715 1060 1762 neque

59 1749 110 1796 vin
133 1751 313 1798 devium
347 1754 454 1818 legis
475 1756 594 1803 abeat
626 1761 841 1822 perjurus,
878 1765 978 1811 odia
998 1766 1058 1812 ci·-

60 1816 190 1878 vium
214 1817 308 1865 im&
323 1820 552 1868 maledich
565 1838 819 1886 experturus
833 1862 846 1882 ,
869 1846 961 1877 non
978 1847 1062 1894 po·-

65 1883 158 1945 puh'
180 1885 311 1939 vitio,
344 1885 416 1932 sed
442 1889 583 1936 verius
607 1891 700 1938 suo.
745 1897 857 1941 Hinc
883 1898 1061 1945 consilia

67 1949 179 2009 pacis
193 1985 206 2004 ,
245 1951 376 2008 belli,
406 1953 629 2003 foederum
656 1972 881 2018 eruuntur.
920 1966 1032 2015 Hinc
1044 2000 1062 2020 ,

69 2015 218 2077 quales
232 2018 449 2066 ministros
474 2020 848 2088 leg-„ltprincepffl
883 2045 981 2091 quae
1005 2030 1060 2077 fit

65 2096 144 2143 per
155 2082 270 2129 licita
284 2087 327 2130 δε
345 2084 521 2133 honesta
534 2088 766 2152 colligendi
780 2095 910 2140 aerarii
928 2101 1059 2143 cura?

68 2150 301 2209 quomodo
314 2153 532 2213 populum
546 2154 721 2216 publice
744 2158 854 2206 intra
864 2161 1060 2208 authori-

64 2224 200 2261 tatem
223 2216 354 2264 fimul
379 2221 423 2267 δί
439 2235 640 2267 amorem
652 2230 802 2288 regat?
829 2228 1062 2290 quomodo

543 2289 586 2333 O
627 2306 651 2335 2
922 2294 1067 2360 priva-
