1320 2490
231 114 318 160 170
358 100 630 144 ANDREAE
664 95 819 141 Max.
857 95 1110 140 FREDRo

289 184 493 231 Fortuitis
516 181 1008 246 sopiunturseditiones,
1038 191 1088 227 ut
1099 182 1214 241 apud·

226 254 415 298 Tacitum
438 249 574 311 sopita
607 249 759 296 seditio
780 248 825 293 in
849 248 1066 300 exercitu,
1101 246 1228 292 dum'

223 318 327 362 luna
348 315 528 361 clariore
539 316 657 362 coelo
669 314 756 360 visa
767 312 1064 377 languescere,
1092 311 1124 358 fi
1147 329 1217 359 re-·

223 379 296 428 {te
309 381 412 427 scias
424 380 761 428 accommodare
783 379 908 425 rebus
922 377 1115 424 fortuita.
1239 377 1241 381 ’

291 446 454 492 Seditio
480 446 540 492 ob
562 445 825 510 religionem
849 443 1080 491 difficulter
1103 442 1218 506 sopi-
1276 487 1280 497 ,

224 524 299 559 tur
314 547 327 565 ,
342 512 420 558 nifi
434 512 642 558 concedas
654 511 817 574 aliquid
831 510 877 556 in
889 509 1078 571 speciem
1089 543 1102 563 ‚
1115 522 1219 557 cave

224 589 374 624 tamen
400 595 455 624 ne
467 578 645 624 Scholas
667 589 742 622 aut
763 575 1095 640 Typographias
1118 590 1216 636 per-
1277 597 1285 620 ·.
1318 591 1320 604 ·

225 644 399 696 mittas,
427 643 674 689 subruendo
695 642 841 704 potius
866 639 1150 687 fundamenta
1172 644 1244 690 80,

224 707 473 758 amovendo
485 707 652 754 semina
660 707 885 754 malorum
899 740 912 760 ‚
938 703 1074 769 quain]
1087 718 1135 753 ut
1147 705 1217 752 fo-

223 791 336 822 veas.
373 773 545 820 Deinde
578 790 670 820 non
690 788 884 836 provoca
918 772 963 818 in
997 783 1219 818 certamen
1277 805 1281 811 .

228 839 476 904 quaestioni5
488 840 542 885 de
550 839 765 903 religione
776 873 789 892 ,
811 850 862 885 ut
873 837 1064 902 negle&i
1077 853 1223 901 neque
1244 867 1245 870 =

229 905 372 952 vexati
383 904 631 969 segnescant
652 905 945 970 &langueant
957 903 1097 951 studio
1110 938 1124 959 ‚
1147 918 1220 949 ve-
1241 962 1243 966 .

228 971 347 1019 xatio
393 982 603 1034 provocat
634 987 745 1018 cum
785 971 954 1017 ratione
985 981 1217 1022 contuma-

219 1038 368 1092 ciam3
394 1038 567 1084 Nocuit
576 1035 792 1102 plerisque
811 1035 1050 1084 Provinciis
1075 1036 1219 1083 curio·
1283 1069 1286 1084 ,

223 1102 270 1150 sa
280 1104 334 1150 de
344 1103 559 1167 religione
581 1115 805 1151 contentio
817 1124 830 1158 5
855 1102 1060 1165 supplicia
1082 1099 1189 1148 vero
1204 1136 1218 1155 ‚
1240 1139 1241 1142 η

219 1168 386 1232 judicia
399 1204 412 1223 ‚
426 1169 650 1232 inquisitio
665 1204 681 1224 ,
705 1173 750 1217 ὃς
763 1185 897 1232 poena
908 1169 1020 1215 circa
1040 1167 1217 1231 religio·
1241 1166 1256 1218 ’,
1280 1167 1286 1193 '³

224 1251 333 1282 nem
347 1269 361 1290 ,
386 1236 526 1300 magis
538 1236 779 1283 accendunt
791 1235 961 1282 animos
974 1234 1021 1280 in
1034 1234 1221 1281 obstina-
1241 1237 1257 1273 ἵ

221 1300 421 1354 tionem,
448 1301 527 1348 nisi
544 1303 646 1364 jure
657 1301 757 1348 belli
785 1301 896 1366 (qui
908 1311 1132 1349 extremus
1155 1299 1212 1346 ri-

219 1381 308 1445 ‘gof
319 1367 378 1417 est
390 1406 402 1424 ,
421 1370 464 1418 “cz
476 1367 620 1434 potius
630 1385 760 1434 penes
773 1380 947 1416 metum
961 1403 975 1421 ‚
990 1383 1080 1414 non
1090 1382 1221 1428 penes
1250 1393 1259 1421 ;

225 1437 478 1498 imperantis
497 1436 687 1492 odium)
725 1436 956 1496 imponere
976 1433 1022 1477 in
1046 1431 1219 1480 novitei:
1259 1443 1265 1459 =·

225 1502 458 1565 subjugato
478 1501 644 1564 populo
655 1500 817 1563 aliquid
831 1499 959 1551 velis,
985 1497 1058 1542 sed
1068 1508 1216 1542 tamen
1253 1498 1264 1526 2‘

224 1568 302 1614 etsi
322 1567 586 1614 debellatum
610 1566 768 1618 fuerit,
793 1564 955 1627 aliquid
978 1563 1030 1608 ad
1053 1561 1218 1607 lenien-
1252 1584 1282 1639 3

226 1634 306 1679 dos
320 1633 490 1680 animos
505 1631 839 1678 concedendum
853 1664 866 1683 ,
892 1645 947 1674 ne
959 1628 991 1673 fi
1003 1625 1129 1690 plane
1143 1642 1215 1672 ex·

225 1698 383 1761 tirpare
405 1698 569 1745 studeas
583 1732 596 1751 ,
622 1695 735 1743 cnm
752 1706 922 1758 paitem
947 1710 1027 1756 pro
1041 1691 1217 1739 necessi·
1250 1725 1279 1741 .„

224 1777 311 1810 tate
333 1763 603 1810 conscientiae
627 1777 880 1824 recuperare
903 1759 1086 1810 volunt,
1106 1757 1220 1820 peri·
1251 1763 1280 1831 ξ’»

224 1829 380 1877 culum
415 1847 472 1877 ne
494 1840 644 1875 totum
678 1828 721 1873 vi
760 1826 998 1873 obtineant.
1036 1822 1219 1871 Cavebis
1243 1825 1281 1878 εξ

226 1895 360 1940 etiam
398 1912 453 1941 ne
473 1895 550 1941 sub
574 1893 705 1941 titulo
748 1891 1012 1953 extirpandae
1048 1888 1217 1935 haerefis
1241 1892 1274 1947 ss
1314 1923 1315 1926 =

223 1971 299 2007 aut
333 1959 574 2006 schismatis
594 1959 763 2005 bellum
786 1957 963 2020 incipias
977 1990 989 2009 ,
1013 1955 1091 2002 nisi
1104 1954 1218 2000 diffi-
1243 1966 1246 1975 ⁴
1266 1972 1269 1982 ¹

224 2025 394 2071 cillimo
405 2027 584 2090 negotio
594 2023 807 2086 implicari
818 2024 921 2070 velis
935 2057 948 2077 ,
961 2019 1121 2068 verilm
1133 2020 1218 2066 alio

224 2089 539 2153 subpraetextu.
576 2093 763 2137 Utinam
787 2100 921 2136 tantas
936 2105 1027 2136 non
1041 2086 1221 2135 dediffet
1248 2099 1273 2142 Ἰ-ζ

224 2172 376 2219 poenas
386 2156 519 2220 hujus
534 2157 688 2204 erroris
704 2157 908 2220 Belgium.
1148 2218 1175 2265 d
1236 2154 1280 2219 ,ξ

555 2234 558 2237 ’
1091 2222 1147 2265 Se
1175 2217 1212 2263 1⁴:—
1246 2222 1280 2266 ἒ·
