1320 2490
73 784 219 838 eastra.

75 1337 199 1378 Acies.

258 116 327 162 90
396 100 671 149 ANDREAE
705 102 863 147 MAx.
902 100 1156 149 Fnznno

259 191 435 237 advolet
457 191 678 238 invasurus
694 226 706 245 ,
729 192 961 255 quomodo
987 209 1093 239 eum
1117 193 1163 239 in
1187 209 1254 240 m·

260 255 360 302 sum
374 255 630 303 fortioribus
642 257 801 322 vigiliis
813 292 826 312 ,
841 260 981 305 castris
994 259 1256 322 providebo?

260 323 497 384 quomodo
520 321 628 369 fossa
650 326 696 370 ὃς»
718 323 914 370 curribus
938 325 1137 372 stationes
1164 325 1256 371 cin-

260 402 368 450 gere
390 404 623 451 nunquam
643 389 964 435 intermittam?
1001 390 1166 436 etiamfi
1179 407 1258 453 per

258 452 525 500 securiffima
548 454 644 501 loca
665 454 749 501 fim
780 455 1062 502 tranfiturus?
1096 457 1258 517 partim

259 535 318 565 ne
342 519 470 566 miles
494 520 547 566 ab
570 537 702 584 opere
722 520 970 576 diffuescat,
1007 522 1169 583 partim
1205 534 1256 568 ut

256 584 431 648 semper
443 586 642 633 munitus
655 589 700 633 &
711 598 881 649 paratus
892 586 975 633 fim
989 619 1003 640 ,
1024 587 1136 633 nihil
1148 585 1254 634 vero

256 665 314 697 ex
334 651 550 714 insperato
570 652 634 698 illi
657 653 774 698 Duci
797 652 989 698 accidere
1009 654 1163 714 potest,
1178 655 1256 715 qui

258 733 492 780 nunquam
517 718 780 781 imparatus,
815 728 918 763 tum
947 722 1030 779 (ut
1049 717 1256 766 ulteriora

259 784 522 846 expediam)
547 784 657 830 illud
671 784 850 847 cogitet.
876 783 1037 830 Forsan
1051 784 1184 830 etiam
1207 786 1255 832 in
1289 781 1292 783 Δ

257 849 414 896 stativis
434 850 573 896 castris
587 850 719 896 hostis
732 866 808 896 me
819 850 1091 913 oppugnabit
1105 850 1175 896 die
1185 851 1255 898 vel

258 916 396 962 nod‘cu
411 950 425 969 ‚
451 916 686 979 quomodo
699 915 920 962 refistam?
947 932 1002 962 ex
1027 916 1253 979 inopinato

256 982 535 1045 aggredietur
558 1016 571 1035 ,
621 981 855 1045 quomodo
890 998 982 1027 non
1019 982 1254 1045 imparatus

256 1046 375 1092 fim?
412 1046 485 1092 illa
516 1064 612 1109 pars
635 1048 876 1093 castrorum
899 1046 1084 1092 debilior
1109 1048 1223 1094 mihi
1237 1083 1251 1102 ,

255 1111 328 1157 illa
342 1112 543 1176 vigilibus
557 1128 687 1159 vacua
698 1148 711 1168 ,
726 1112 815 1158 illic
825 1111 1075 1158 submiffius
1087 1113 1253 1161 vallum

256 1177 478 1224 faciliusve
490 1177 660 1225 ascensu
676 1213 690 1232 ,
728 1195 826 1242 quae
841 1195 932 1224 non
955 1176 1106 1226 minus
1138 1179 1253 1227 hosti

257 1256 362 1291 nota
373 1243 473 1291 sunt
485 1242 621 1307 quam
638 1244 752 1290 mihi
765 1279 780 1298 ‚
817 1244 1051 1307 quomodo
1064 1257 1139 1292 aut
1151 1261 1250 1292 cor-

257 1309 401 1373 rigam
416 1344 428 1363 ,
454 1322 528 1356 aut
551 1309 799 1356 defendam.
831 1312 934 1374 Jam
958 1310 1013 1356 de
1035 1310 1124 1357 acie
1147 1311 1248 1374 ipla.

258 1377 576 1422 Provocamrus
598 1392 674 1420 me
686 1375 818 1422 hostis
829 1377 877 1421 in
888 1376 1028 1422 aciem
1041 1410 1054 1430 ,
1077 1393 1168 1424 non
1181 1388 1250 1424 tu-

257 1451 357 1487 tum
382 1452 432 1486 ut
455 1457 510 1487 ex
525 1456 622 1487 mea
641 1440 850 1486 sententia
871 1452 1020 1486 totum
1043 1441 1251 1503 superbus

257 1522 386 1570 agam
400 1541 414 1559 ‚
438 1504 599 1552 verum
621 1517 769 1569 petam
789 1517 1097 1551 veteranorum
1122 1507 1175 1552 de
1194 1524 1249 1553 eo

255 1572 448 1625 consilia,
461 1572 568 1635 quid
582 1571 702 1618 facto
714 1586 826 1634 opus
839 1571 891 1618 fit
905 1575 921 1617 ?
939 1572 1062 1633 plura
1074 1571 1119 1617 in
1132 1572 1249 1620 bello

255 1638 454 1692 consilio,
472 1634 607 1702 quam
620 1638 714 1684 telis
729 1641 773 1685 ὃς
786 1637 988 1683 manibus
1009 1637 1116 1701 geri.
1139 1641 1246 1685 Pro-

253 1704 512 1767 grediarne?
537 1703 814 1750 Numerosus
832 1704 958 1748 video
968 1703 1083 1749 adest
1096 1703 1245 1759 hostis,

254 1786 349 1816 non
362 1786 438 1817 me
448 1780 538 1816 arte
547 1769 742 1816 visturus
755 1804 767 1823 ‚
795 1769 867 1815 sed
880 1769 1164 1815 multitudine
1176 1770 1242 1816 in-

255 1837 495 1881 cautiorem
508 1835 785 1898 oppressurus
800 1870 813 1889 ,
827 1832 1023 1881 tutiusne
1046 1835 1098 1880 fit
1111 1835 1242 1889 mihi,

254 1912 305 1946 ut
327 1901 406 1947 sub
429 1902 543 1948 vallo
566 1903 804 1948 castrorum
837 1901 977 1946 aciem
1000 1901 1241 1962 instruam?

253 1979 466 2029 quatenus
488 1979 666 2031 tergum
689 1967 792 2012 aciei
817 1977 968 2012 tutum
982 1965 1059 2019 fit,
1083 1981 1132 2011 ac
1156 1967 1243 2029 ipsa

255 2033 384 2078 castra
396 2069 411 2088 ,
433 2033 593 2095 quibus
605 2032 702 2078 sum
717 2031 890 2077 futurus
903 2032 947 2076 in
960 2031 1239 2094 propinqum

253 2099 379 2144 Tum
393 2097 554 2144 curabo
570 2110 619 2143 ut
626 2098 748 2159 prior
759 2097 898 2143 aciem
910 2097 1134 2150 instruam,
1149 2097 1241 2160 quo

251 2163 490 2212 animosius
513 2164 656 2210 videar
669 2163 914 2227 exspectare
935 2164 1109 2211 hostem
1123 2197 1136 2215 ,
1173 2163 1241 2209 vel

1080 2239 1113 2275 11
1129 2245 1238 2276 acies
