1320 2490
220 91 463 134 Scana-r.
502 87 909 133 FRAGMENTA.
1012 104 1064 132 n

74 153 303 200 moditates
315 165 559 227 portuum,
573 151 791 204 marium,
805 151 1069 204 fluviorum,

73 219 235 291 partim
247 219 360 264 abus
375 235 452 282 qui
476 233 523 262 ea
545 218 814 281 peragrando
836 218 1069 270 viderunt,

73 284 233 347 partim
268 302 292 329 a
313 283 468 330 tabulis
490 286 547 331 G
545 282 766 345 ographicis
787 283 1068 362 perquirant,

76 352 121 396 &
147 365 244 412 quae
268 349 420 395 omnia
442 349 487 394 in
504 348 687 410 praesens
716 349 817 410 (vel
841 346 987 411 potius
999 348 1065 394 di-

76 431 173 460 cam
196 432 241 460 m
267 415 394 461 horas
409 415 454 472 >
442 431 487 459 m
501 414 584 460 illis
596 415 800 477 gentibus
814 413 955 467 fiunt,
989 429 1068 476 per

73 479 320 526 substitutos
344 480 584 526 tabellarios
609 483 653 526 ὃς
666 496 867 526 rumores
890 479 1068 543 indaga-

72 546 184 597 turi,
228 557 277 591 ut
301 545 400 592 sunt
413 545 550 598 bella,
577 543 769 618 foedera,
803 544 1034 590 seditiones
1049 578 1065 598 ,

72 610 254 657 acceffio
278 622 351 657 aut
363 611 600 657 d1minuti0
612 610 802 663 virium,
837 620 938 656 tum
965 625 1066 672 quae

73 675 200 722 nobis
223 677 426 725 cumillis
439 676 640 741 gentibus
662 676 991 721 intercefl‘erunt
1012 674 1068 721 ab

72 741 254 805 antiquo
268 742 468 806 negotia,
482 753 557 788 aut
568 758 665 804 quae
676 741 886 787 mterceff
879 757 953 789 ura
966 740 1067 793 smt,

72 823 171 870 quae
184 808 309 854 nobis
322 808 496 854 obeffe?
523 824 622 870 quae
645 807 843 870 prodesse
867 806 1057 880 possint.
1045 809 1063 840 θ

73 875 141 918 Ut
154 873 185 918 fi
199 873 363 936 aliquid
378 872 543 937 negotii
554 873 607 919 ab
619 884 801 919 externo
815 871 957 918 veniat
980 883 1064 919 tra-

71 939 311 991 ctandum,
339 956 428 985 non
441 938 674 985 difficulter
697 949 771 984 aut
781 938 1064 991 discutiatur,

71 1016 144 1050 aut
156 1017 380 1057 caveatur,
406 1017 481 1051 aut
510 1016 681 1067 petatm
705 1001 1066 1068 apraecognita&

72 1067 182 1115 bene
169 1070 374 1148 praeviia
385 1071 503 1133 prius
516 1070 693 1116 ratione.
718 1072 829 1116 Non
841 1069 931 1115 fine
944 1069 1066 1116 caula

84 1151 190 1180 vero
194 1153 260 1198 q
248 1148 461 1192 iaternos,
474 1135 866 1198 quinquenosque
855 1151 899 1180 in
915 1134 1062 1198 fingu-

72 1200 132 1246 las
165 1215 302 1263 partes
327 1202 531 1264 gentium
554 1201 795 1273 oportuerit
805 1199 1063 1246 substituen-

73 1266 151 1311 dos
164 1266 466 1328 prospiciendo
481 1301 493 1320 ,
520 1266 638 1312 haud
660 1266 782 1311 enim
806 1277 936 1311 tantae
950 1265 1065 1311 moli

70 1331 199 1377 unius
214 1332 407 1377 hominis
422 1332 614 1377 studium
626 1366 639 1384 ,
664 1330 862 1377 sedulitas
876 1365 890 1384 ,
907 1347 1032 1377 mens
1049 1365 1063 1384 ,

72 1399 117 1443 δί
151 1397 385 1459 ingenium
417 1396 600 1444 sufficiat
633 1397 679 1442 in
701 1413 857 1443 omnes
893 1408 1031 1459 partes
1046 1431 1060 1451 ,

69 1461 306 1523 praesertim
332 1461 440 1508 cum
464 1477 554 1508 non
577 1461 902 1525 superficialiter
925 1462 1059 1508 liban-

72 1527 144 1572 das
163 1531 180 1586 (
186 1538 234 1572 ut
244 1529 387 1589 ajunt)
403 1545 468 1574 res
481 1562 493 1581 ‚
509 1526 667 1574 verum
679 1526 867 1590 penitius
881 1528 1062 1579 noscen-

70 1592 142 1638 das
166 1593 211 1637 in
236 1609 330 1639 rem
361 1593 608 1655 profuerit5
649 1594 860 1655 Optimos
895 1591 1000 1639 vero
1025 1595 1064 1640 ei

70 1658 250 1721 negotio
273 1659 435 1720 putabo
450 1693 462 1712 ,
489 1660 566 1721 qui
589 1671 663 1705 aut
685 1660 853 1723 linguas
878 1659 1062 1713 callent,

70 1735 144 1768 aut
168 1724 305 1786 magis
327 1725 372 1769 in
386 1741 538 1770 earum
551 1725 789 1770 nationum·
797 1741 943 1770 mores
957 1741 1060 1786 pro=

72 1789 143 1840 ni,
181 1789 251 1834 vel
286 1789 443 1851 quibus
480 1790 650 1836 facilior
682 1791 737 1836 de
772 1789 838 1835 his
851 1790 1059 1853 gentibus

70 1853 229 1899 sciendi
241 1853 380 1900 subest
394 1856 719 1910 commoditas,
740 1855 832 1901 fieri
846 1856 966 1906 enim
979 1872 1060 1918 po-

70 1920 176 1973 test,
202 1931 251 1965 ut
263 1920 417 1983 aliquis
440 1937 505 1967 res
521 1921 804 1967 Germanicas
826 1919 965 1983 probe
980 1938 1060 1967 no-

70 1985 126 2030 rit
140 2018 152 2037 ,
182 1985 473 2032 Turcicarum
496 1984 600 2032 vero
624 1998 698 2032 aut
719 1986 1063 2033 Moschovitica-

69 2066 174 2096 rum
187 2067 241 2096 ne
253 2051 489 2097 minimam
502 2053 704 2098 notitiam
716 2051 892 2106 habeat³
899 2063 973 2098 aut
986 2052 1064 2098 ha-

69 2114 170 2163 bere
183 2115 328 2180 poffit.
366 2119 464 2165 Post
477 2118 664 2165 exoticas
686 2134 752 2166 res
765 2152 779 2174 ‚
797 2119 894 2181 jam
907 2119 1062 2165 dorne-

952 2183 1069 2230 sticaer
