1320 2490
236 125 480 168 Sciup’r.
520 120 930 170 FRAGMENTA.
1030 135 1091 180 37

86 205 189 255 bere
214 206 347 270 poffit
369 206 582 268 conqueri
605 205 788 268 &loqui
805 205 1081 259 ,acvelutsat

85 273 356 319 vindicatum
383 272 461 325 fit,
487 287 577 317 non
602 271 714 317 ultra
737 272 864 318 verba
885 284 1022 318 tentat
1042 270 1078 316 fi

85 338 369 410 prohibeatur
401 337 524 400 loqui
550 371 562 390 ,
611 336 685 382 fa&
681 350 781 383 tum
812 337 1079 391 meditatur,

85 401 337 450 Inconsulte
353 403 427 448 iHe
438 402 661 450 Caesarum
677 398 785 461 (teste
800 402 976 450 Comelto
994 406 1078 448 Ta-

89 469 346 533 cito.)V-agis
361 485 436 531 per
449 468 606 517 urbem
621 441 832 514 militibus
855 468 1084 514 sermones

88 535 213 598 vulgi
236 538 442 581 coercere
452 533 616 580 studuit
626 568 640 586 ,
654 534 788 596 idque
799 535 1082 595 praecipuum

85 601 362 647 alimentum*
385 599 513 646 famae
542 610 656 653 erat,
691 615 794 645 nam
829 598 1079 661 prohibitus

84 665 270 729 quisque
291 666 416 729 plura
436 664 682 728 spargebat,
707 664 799 711 acfi
818 665 968 711 liceret
978 679 1080 710 vera

85 733 314 778 narrat-uris
340 766 353 786 ‚
393 732 505 778 dum
540 731 815 785 vetabantur,
861 730 1078 777 atrociora

84 797 335 861 vulgabant.
377 797 536 844 Rarius
549 794 654 843 vero
668 807 914 844 extremam
925 797 1020 843 vim
1031 795 1080 842 in

83 863 326 910 vindiCtam
339 863 542 925 Princeps
555 861 754 908 adhibeat
766 897 780 917 ,
795 862 975 926 cogitet,
989 878 1072 925 po-

81 929 190 992 pulo
202 929 362 976 multas
376 929 462 974 esse
473 944 628 975 manus
641 961 663 982 ,
681 928 760 974 fibi
783 944 922 975 unam-
937 928 1075 975 cervi-

81 1010 182 1042 cem
197 1029 210 1048 ,
234 995 463 1043 neminem
487 1009 688 1057 unquam
701 994 904 1041 inimicos
917 997 963 1041 &
975 993 1081 1040 infi-

91 1060 256 1108 diantes
280 1060 358 1107 fibi
380 1059 605 1113 deleviffe,
633 1060 679 1106 in
702 1060 836 1106 deleti
856 1060 986 1107 unius
1009 1059 1081 1106 lo-

56 1169 62 1175 .
83 1140 191 1173 curn
205 1160 219 1180 ‚
234 1126 389 1173 decem
401 1126 506 1172 alios
519 1124 879 1189 consanguineos,
893 1125 1090 1179 amicos,

84 1203 214 1239 notos
232 1192 364 1238 etiam
377 1203 509 1255 atque
520 1192 696 1255 ignotos
708 1190 951 1244 succedere,
965 1191 1078 1237 dum

82 1257 306 1320 flagitium
340 1258 593 1320 imperantis
622 1257 840 1312 oderunt,
874 1257 943 1302 vel
968 1272 1079 1305 cum

82 1334 317 1378 metuunt,
339 1339 395 1369 ne
406 1323 460 1368 ad
482 1322 526 1368 se
539 1338 720 1385 quoque
743 1321 972 1368 effrenatus
985 1322 1086 1367 fine

80 1387 207 1433 obice
220 1388 348 1434 furor
369 1387 550 1434 transeat
562 1423 579 1442 ,
600 1388 702 1434 inde
714 1387 764 1432 fit
776 1387 1080 1433 insidiantium.

80 1454 124 1499 &
135 1453 424 1500 inimicorum
440 1470 576 1499 nexus
596 1453 714 1516 quasi
740 1456 784 1500 ὃς
798 1465 945 1501 catena
959 1453 1087 1500 Vite

80 1531 156 1565 tuae
183 1524 382 1566 Domimu
406 1517 577 1584 quisquis
600 1518 824 1582 contempsit
848 1517 978 1583 samm.
1017 1522 1077 1566 E-

78 1584 186 1631 tiam
209 1601 365 1631 manus
378 1599 471 1631 tuas
485 1586 642 1648 quibus
671 1600 713 1632 te
727 1586 853 1631 credi
851 1586 915 1631 jis
909 1586 937 1631 ci
959 1585 1077 1631 haud

75 1648 199 1696 secul
202 1668 250 1697 us
262 1651 450 1712 aspicies,
455 1653 522 1696 vel
537 1668 644 1697 cum
657 1669 678 1696 a
661 1649 857 1714 populo
872 1667 1074 1697 corrum-

78 1728 257 1793 pentur,
268 1716 336 1762 vel
349 1713 456 1763 asua
469 1717 665 1763 virtutei
658 1717 951 1769 mirabuntur,
966 1732 1076 1762 cum

79 1781 343 1827 indecorum
365 1794 518 1843 putant
540 1800 621 1845 pro
633 1782 849 1846 flagitioso
874 1781 1076 1844 Principe

81 1845 296 1892 excubare
321 1880 334 1899 ,
380 1845 477 1894 imo
503 1848 648 1910 potius
675 1848 839 1893 mereri
868 1847 923 1894 de
943 1850 1071 1899 Deo,

78 1912 317 1975 pioximo,
345 1913 606 1976 &populo,‚
621 1913 654 1958 fi
669 1913 888 1966 deserant,
913 1913 945 1959 fi
969 1930 1073 1976 pro-

80 1977 184 2023 dant
219 1979 480 2039 Tyrannum
517 1979 792 2041 Principem-q
828 1979 907 2025 Ast
940 1978 1076 2025 multi

81 2043 270 2105 Principi
292 2043 394 2090 sunt
406 2044 482 2090 fidi
507 2045 684 2091 clientes
708 2044 878 2108 inquies
893 2079 906 2098 ,
936 2044 1006 2091 his
1028 2061 1071 2090 e-

80 2108 188 2154 tiam
212 2110 338 2155 crede
359 2109 492 2156 ineffe
514 2110 653 2156 fidem
675 2111 728 2157 ad
750 2123 927 2174 tempus
950 2109 1072 2156 sum-

80 2184 202 2236 ptam
218 2208 231 2229 ‚
267 2174 336 2222 vel
361 2176 559 2241 quodam
580 2176 776 2224 fatorum
810 2193 992 2228 arcam,
1018 2191 1086 2221 ne-

920 2241 1084 2288 habeat-
