1320 2490
226 97 317 154 136
354 94 625 138 ANDREAE
661 94 818 139 MAx.
855 96 1122 142 FREnRo.

220 177 451 225 necessaria
463 177 691 240 legationis
703 188 870 240 urgeat,
888 177 981 241 quo
996 179 1122 227 citius
1134 180 1224 226 fine

218 243 426 290 dilatione
453 241 737 303 expediantur
755 277 768 296 ‚
788 243 1003 307 suamque
1025 245 1223 292 authori-

220 320 356 355 tatem
373 324 451 371 per
462 307 699 356 absentiam
711 310 877 356 tuendo
891 344 905 363 ,
919 311 1073 358 omnia
1083 311 1223 359 fideli-

220 385 287 421 ter
299 385 490 422 nuntiet.

285 441 520 487 Miss'arum
547 439 770 489 literarum
795 441 1060 505 exemplaria
1085 458 1218 505 penes

217 506 385 569 legatos
411 519 615 553 maneant
640 527 653 562 3
692 511 816 555 Nam
835 509 868 555 fi
897 509 1226 573 intercipiantur

219 573 358 619 miffae
377 608 390 626 ,
416 572 565 619 rursus
577 572 757 620 describi
781 584 991 637 poterunt
1002 592 1059 622 ex
1070 592 1222 623 exem-

216 638 327 701 plari
343 676 358 695 ,
379 639 517 685 necin
528 641 877 686 contrarietatem
892 640 1024 703 stylus
1036 641 1224 688 deduce-

217 716 315 759 tur,
338 704 533 768 ideoque
544 705 657 751 libro
670 705 799 753 alicui
817 706 958 753 literas
972 722 1130 754 omnes
1154 707 1223 754 in-

216 769 358 818 serere
380 771 656 834 oportuerit,
692 771 791 820 imo
827 773 1057 837 quoddam
1077 773 1218 821 archi-

217 852 330 884 vum
344 837 571 902 legationis
585 837 661 884 fibi
676 838 868 894 formet,
891 838 1047 886 omnia
1069 838 1225 903 scripta

218 903 482 967 &rescripta
494 904 539 950 in
560 903 862 970 Cathalogum
875 905 1106 952 referendo
1119 940 1133 960 ‚
1158 905 1223 952 se-

216 968 332 1015 riem
342 1003 356 1022 ,
369 980 628 1032 temporum
643 1005 655 1025 ,
668 972 890 1025 locorum,
906 971 1193 1034 personarum
1209 1007 1223 1027 ,

219 1051 277 1083 ex
290 1051 377 1099 qua
388 1035 581 1100 generali
602 1054 719 1101 penu
743 1038 974 1085 literarum
988 1072 1002 1092 ‚
1026 1039 1225 1100 postmo-

217 1101 330 1148 dum
377 1102 529 1150 relatio
577 1103 807 1169 legationis
853 1101 1221 1152 commodiffime

219 1167 502 1216 conficietur.
945 1214 947 1217 .

285 1236 476 1299 Legatus
497 1235 549 1282 ad
563 1234 816 1300 suspefitum
840 1235 1093 1300 Principem
1117 1234 1224 1283 mis-

217 1295 287 1346 sus
310 1301 364 1346 ad
390 1300 660 1350 eludendum
686 1319 918 1350 armorum
943 1313 1147 1366 tempus,
1185 1302 1218 1350 fi

219 1365 365 1412 statim
389 1364 442 1411 ab
467 1366 544 1412 illo
579 1369 778 1430 Principe
813 1369 1093 1431 expediatur,
1130 1385 1224 1416 non

217 1431 389 1477 recedat
412 1465 425 1485 ,
460 1429 622 1479 verum
645 1434 778 1479 varias
803 1449 943 1479 morae
977 1434 1224 1479 occasiones

216 1496 428 1543 obtendat
453 1531 465 1551 ‚
501 1497 772 1545 formaturus
796 1499 959 1545 interea
1009 1501 1027 1559 (
1052 1498 1153 1544 licet
1173 1499 1221 1544 in

217 1576 378 1609 vanam
404 1562 593 1626 speciem
617 1565 634 1622 )
685 1564 872 1611 rationes
899 1563 1222 1627 componendae

217 1628 360 1691 pacis,
385 1630 527 1676 studio
537 1630 862 1692 protrahendo,
889 1629 1129 1676 dubitando
1144 1646 1221 1683 ,ac

218 1695 410 1741 demum
421 1712 503 1759 pro
514 1696 830 1743 informatione
842 1696 894 1742 ad
907 1694 1039 1743 suum
1051 1696 1216 1743 Princi-

218 1775 324 1823 pem
340 1761 513 1817 mittet,
540 1762 702 1809 iterum
718 1763 972 1825 iterumque
985 1779 1078 1809 non
1101 1778 1221 1809 rece-

222 1826 369 1872 dendo
380 1828 432 1873 ab
446 1829 604 1875 eodem
617 1829 818 1891 Principe
829 1863 842 1882 ,
864 1827 1023 1875 verum
1036 1828 1129 1889 ejus
1143 1844 1217 1875 co-

222 1903 348 1938 natus
361 1928 374 1946 ,
389 1895 566 1941 consilia
579 1930 592 1949 ‚
618 1894 786 1941 foedera
797 1894 1094 1957 perspiciendo
1108 1929 1120 1948 ,
1135 1893 1219 1941 dis-

220 1956 440 2014 suadendo
453 1994 465 2012 ,
482 1960 758 2008 distrahendo
771 1981 784 2016 3
801 1972 852 2007 ut
862 1961 1025 2007 interea
1037 1960 1101 2007 sui
1114 1977 1216 2023 pro-

221 2023 394 2071 videant
407 2025 485 2070 fibi
498 2027 551 2072 de
563 2027 722 2074 viribus
736 2063 749 2081 ‚
773 2028 897 2091 quod
924 2027 1057 2074 etiam
1080 2027 1216 2073 fimu-

222 2088 384 2137 latione
395 2091 540 2137 morbi
554 2091 680 2139 facile
696 2096 944 2155 praestatur·
967 2096 1091 2141 Nam
1116 2090 1218 2138 vere

221 2155 430 2220 praesente
439 2156 484 2206 se
507 2159 659 2220 (velut
669 2159 865 2208 adhibito
897 2160 1103 2218 censore)
1130 2174 1223 2205 non
1295 2191 1299 2218 (ι

338 2251 343 2254 ,
1131 2235 1223 2272 tam
1295 2239 1299 2277 j

1290 564 1297 581 ἂ

1284 602 1313 892 i

1286 951 1310 1014 3

1295 1020 1308 1052 L

1285 1074 1288 1076 η
1298 1053 1303 1063 ι

1284 1067 1309 1211 ἓ

1293 1208 1309 1263 t

1299 1284 1307 1295 Δ,

1301 1317 1307 1330 Ἱ

1287 2121 1299 2183 -l
