1320 2490
204 135 260 180 14
326 121 604 166 A-Nnnnffi
638 120 792 164 MAx.
830 119 1083 166 Fumo

191 207 496 257 defensionem
519 209 680 254 tribuat
697 242 709 261 ,
739 208 867 253 detve
890 218 1065 270 tempus
1090 223 1182 270 quo

190 274 376 321 crimina
385 273 521 319 diluat
534 308 546 327 ,
576 290 679 320 nam
693 274 895 336 proprius
920 285 1065 319 metus
1078 273 1182 319 vali-

190 340 295 386 dam
308 355 490 401 quoque
513 339 811 401 eloquentiam
835 339 1027 392 excutit,
1050 339 1084 384 si
1108 339 1183 384 dea

187 401 368 466 repente
393 403 774 466 respondendum,
801 420 856 450 ne
879 403 1108 450 damnatus
1132 403 1185 449 fit

188 481 426 531 antequam
439 486 537 516 reus
552 503 564 523 ,
591 469 808 516 inauditus
832 481 963 532 atque
986 469 1184 514 indefen-

188 534 259 581 sus
284 545 494 597 tanquam
518 535 727 581 innocens
749 546 922 597 pereat,
944 537 988 581 &
1002 551 1130 581 reum
1142 534 1186 580 se

189 600 275 646 effe
303 599 479 646 tantum
492 603 628 664 poen-li
640 601 958 662 experiatur‚ne
979 601 1185 663 Princeps

187 666 363 730 gravior
375 667 577 712 remediis
591 664 726 729 quam
741 666 898 712 defleta
909 666 993 712 fint
1005 699 1018 719 ‚
1043 682 1190 729 neque

188 730 374 778 utilitate
383 732 557 794 publica
569 767 582 785 ‚
606 732 678 777 sed
692 731 808 795 quafi
833 730 879 776 in
890 730 955 777 sui
968 748 1096 777 unlus
1109 731 1184 777 sat·-

186 797 339 844 vitiam
368 802 385 858 ζ
390 814 644 861 quanquam
657 797 822 853 sontes)
847 796 892 842 in
918 796 1184 861 supplicium

185 862 354 917 trahat,
379 864 481 909 inde
492 863 593 910 loco
615 864 720 926 justi
741 863 913 909 severus
939 866 983 910 8<
1001 862 1188 909 crudelis

185 929 345 974 audiet.
385 931 592 976 Severitas
630 927 735 975 vero
761 928 927 975 amittit
948 928 1188 975 assiduitate

190 993 502 1040 authoritatem
527 1030 539 1048 ,
575 1006 626 1041 ut
659 995 737 1068 qui
770 995 928 1040 timere
961 994 1189 1048 defierint,

189 1059 348 1105 od1ffe
336 1073 573 1122 mcipiant
600 1061 699 1123 quis
714 1060 829 1106 mihi
831 1059 1055 1137 Princeps
1083 1059 1186 1106 ille?

190 1124 270 1171 sub
284 1141 375 1189 quo
388 1126 478 1172 dies
494 1143 554 1172 nu
542 1126 640 1172 llus
652 1142 812 1172 vacuus
826 1142 849 1170 a
859 1141 1020 1187 poena,
1039 1128 1083 1171 ὃς
1096 1142 1188 1188 quo
1240 1165 1258 1174 ff.

189 1200 395 1253 tempme
419 1209 442 1237 a
472 1192 576 1237 verb
579 1192 612 1238 is
639 1191 833 1254 profanis
856 1191 1065 1237 abstinere
1088 1207 1188 1237 mos
1238 1195 1239 1198 ’

191 1257 288 1309 est,
313 1257 488 1302 vincula
511 1260 556 1303 ὃς
580 1258 761 1332 laqueus
786 1257 1050 1302 inducantur
1075 1260 1093 1303 ?
1117 1268 1192 1302 aut

192 1322 316 1385 quod
340 1322 455 1368 mihi
479 1322 588 1368 illud
611 1340 803 1386 regnum
829 1326 846 1368 ?
872 1339 1007 1385 quam
1031 1322 1063 1368 fi
1088 1322 1190 1368 feris

190 1387 416 1441 leonibus,
431 1400 504 1434 aut
515 1387 806 1451 serpentibus
794 1389 1035 1449 imperium
1050 1391 1094 1434 &
1106 1405 1188 1434 no-

190 1453 316 1498 cendi
329 1454 536 1515 potestas
524 1470 568 1498 m
583 1471 662 1500 nos
676 1453 939 1500 concedatur
950 1488 963 1506 ‚
979 1453 1188 1498 adhiben-

193 1517 248 1564 da
269 1519 368 1565 ideo
393 1521 453 1567 est
479 1520 668 1565 omnino
702 1520 747 1565 in
783 1530 1189 1581 temperamentum

189 1583 287 1629 saevi
302 1585 456 1648 rigoris
481 1585 713 1638 Clementia,
727 1596 776 1631 ut
787 1584 938 1631 omnia
949 1584 1052 1630 sciat
1064 1619 1077 1637 ‚
1094 1600 1187 1630 non

190 1649 343 1695 omnia
355 1662 597 1713 exequatur
610 1685 622 1704 ‚
648 1651 851 1712 Princeps
866 1685 882 1703 ,
906 1666 996 1696 non
1010 1649 1184 1712 semper

193 1718 327 1775 poena
338 1715 410 1761 sed
421 1716 572 1778 saepius
585 1716 844 1779 poenitentia
866 1726 1096 1761 contentus
1110 1716 1162 1761 iit
1175 1748 1189 1767 ,

193 1779 458 1843 supplicium
483 1782 603 1827 enim
628 1782 825 1828 hominis
860 1781 1025 1828 oblivio
1048 1781 1188 1843 sequi-

192 1858 280 1898 tui,
298 1846 361 1892 fin
375 1848 629 1911 castigatum
644 1847 921 1893 incolumem
936 1846 1183 1899 servaveris,

193 1921 409 1958 :aeternum
421 1913 646 1975 exemplar
671 1912 901 1959 severitatis
926 1916 976 1959 &
995 1912 1189 1958 clemen-

191 1975 262 2021 tiae
275 1977 508 2031 futurum3
532 1978 689 2042 supers
669 1992 703 2025 t
728 1996 846 2042 quem
865 1975 1046 2042 peccasse
1072 1981 1193 2041 poem‘-

198 2053 295 2088 teat:
309 2059 442 2104 poena
453 2043 588 2106 igitur
598 2045 650 2090 ad
662 2060 821 2107 paucos
832 2043 1078 2107 perveniat,
1093 2059 1189 2088 me-

193 2116 266 2153 tus
278 2107 330 2153 ad
343 2124 515 2155 omnes
554 2112 717 2172 Neque
726 2119 875 2155 tamen
888 2108 1189 2156 Clementiam

202 2172 417 2221 voluerim
444 2174 534 2222 fine
556 2176 723 2230 modo3
750 2192 849 2240 quae
862 2175 982 2222 enim
994 2174 1189 2222 authori-

1128 2251 1194 2285 ῒ-,ΊΞ-
