1320 2490
247 113 338 174 198'
372 113 646 175 Anna-affl
682 106 1131 152 M‘Ax.FR1·:nRo

307 201 350 242 6.
376 192 574 241 Diversas
588 192 820 256 religiones
831 192 879 238 in
892 207 1030 255 regno
1044 209 1136 238 non
1147 193 1232 238 effe

238 260 366 308 utiles
378 294 391 313 ,
405 256 504 304 ideo
520 259 696 304 unicam
709 257 1022 310 fovendam,.&
1036 274 1226 321 quomo-

236 327 297 372 do
317 325 408 371 fine
419 324 656 370 domestica
666 323 793 370 turba
813 323 987 369 diversae
1009 335 1081 370 aut
1093 324 1232 370 viten·
1297 312 1310 318 ‘

238 404 313 437 tur
335 401 410 436 aut
431 389 663 442 tollantur,
696 388 1038 453 suggerendum.
1089 389 1234 435 Maxi-

239 473 368 503 mam
391 455 562 517 semper
585 454 766 500 adfuisse
786 454 1063 503 occafionem
1088 457 1134 501 &
1157 454 1233 500 ali-

168 536 173 539 ·
238 533 450 568 mentum
462 521 684 568 bellorum
698 555 711 574 ,
724 521 836 566 inter
847 521 1015 566 nostros
1027 519 1235 567 Cofacos-

241 603 321 641 ve,
348 584 623 633 adiverfitate
646 587 892 632 Rufforum
905 585 1166 649 Religionis.

313 668 354 710 7.
392 652 763 714 Peregrinationes
802 650 966 697 crebras
988 651 1040 696 ad
1065 662 1246 698 exteros

244 718 330 764 effe
364 717 539 763 nocivas
573 716 632 762 ob
664 715 910 778 periculum
946 717 1166 763 Novitatis
1190 719 1236 762 &

241 782 518 830 subvertendi
529 782 668 828 moris
679 782 809 829 Patrii
851 783 1012 844 [atque
1022 779 1120 827 ideo
1136 783 1234 828 Ma-

240 848 479 901 trimonia,
505 848 802 901 Contractus,
824 860 897 893 aut
909 848 1092 910 quodvis
1107 848 1235 893 fami-

239 913 432 960 liaritatis
467 914 795 960 commercium
831 914 1104 975 privatorum
1126 929 1244 960 cum.
1290 968 1293 973 ¹

239 979 609 1054 postlimstaness,
642 979 937 1041 periculosum
959 980 1136 1040 publico
1158 979 1236 1025 sta·
1296 991 1297 994 ’

240 1045 333 1098 tui,
360 1060 465 1091 nam
487 1044 753 1091 transferunt
774 1044 883 1106 saepe
919 1048 937 1106 (
963 1045 1008 1091 in
1033 1045 1203 1091 exotica
1216 1044 1243 1102 ),

238 1109 450 1173 αίῖθέζιῌῃ
463 1110 634 1157 civium
644 1145 656 1163 ,
670 1107 767 1156 imo
781 1110 869 1173 ipsa
879 1111 1052 1171 studia]
1082 1113 1150 1157 Ac
1163 1126 1233 1155 ve-

241 1191 343 1222 reor
355 1193 411 1222 ne
432 1177 611 1222 tandem
655 1181 672 1237 (
688 1188 737 1222 ut
758 1192 847 1238 prae
868 1175 1035 1223 foribus
1060 1176 1240 1222 malum-

240 1240 386 1303 adest)
429 1242 534 1288 fflin
547 1253 742 1288 externas
767 1253 917 1306 gentes
948 1241 1138 1289 visendas
1158 1258 1234 1288 cu=

240 1306 434 1360 riofitas,
457 1307 583 1353 nobis
608 1308 786 1355 Polonis
810 1310 968 1354 statum
981 1308 1208 1371 peffundet
1219 1341 1242 1361 2.

241 1369 352 1416 cum
377 1372 498 1417 enim
522 1373 800 1433 prudentiam
832 1374 1095 1434 experientia
1129 1388 1234 1435 qua-

239 1437 345 1481 dam
357 1436 583 1483 solidatam
597 1438 912 1500 peregrinando
923 1439 1201 1484 obtendimus
1216 1472 1240 1491 ‚.

242 1502 385 1547 verius
409 1503 671 1566 contagione
693 1515 950 1549 exterorum
983 1519 1085 1549 cori
1085 1519 1232 1563 ump1-

239 1583 380 1619 mur,
417 1568 692 1613 admirationi
717 1581 894 1614 externa
917 1579 968 1613 ut
991 1568 1195 1614 molliora
1217 1601 1232 1621 ,

239 1633 384 1678 nostra
395 1634 499 1679 odio
512 1633 738 1686 habemus,
754 1650 833 1679 nec
844 1632 1029 1678 solidam
1042 1634 1232 1695 pruden—

237 1696 346 1743 tiam
360 1714 407 1743 ea
420 1699 683 1761 migratione
693 1699 961 1762 acquirimus
976 1733 989 1752 ,
1014 1698 1087 1745 sed
1100 1699 1234 1745 varie·

235 1773 325 1808 tate
337 1764 509 1810 confusi
523 1799 534 1817 ,
562 1764 607 1810 in
631 1781 699 1810 res
722 1781 852 1810 novas
865 1765 1062 1811 acuimus
1076 1780 1233 1811 conce-

237 1838 366 1890 ptus,
406 1833 451 1876 &
492 1830 724 1876 curiositati
750 1831 999 1884 studemus,
1027 1847 1119 1876 non
1153 1831 1230 1878 rei.

237 1894 423 1940 Polonia
446 1894 550 1941 vero
566 1896 645 1942 nifi
660 1896 875 1942 Polonicis
891 1897 1044 1942 mediis
1059 1900 1103 1943 δί
1126 1912 1233 1943 con-

237 1958 339 2005 siliis
363 1962 469 2006 stare
490 1963 627 2022 potest
643 1996 655 2015 ‚
683 1961 854 2008 aliunde
876 1962 1104 2008 advectitia
1118 1997 1130 2017 ‚
1169 1963 1235 2009 uti

238 2040 331 2070 non
344 2028 574 2089 congenita
585 2027 711 2081 sunt,
738 2028 793 2074 eti
796 2045 868 2074 am
882 2040 1142 2075 convertunt
1153 2030 1233 2074 sta-

161 2100 165 2107 ‘
236 2100 305 2136 tus
320 2103 531 2137 naturam.
560 2093 773 2140 Plurimas
795 2094 904 2140 item
928 2094 1094 2158 linguas
1108 2093 1235 2140 calle-

238 2171 287 2202 re
320 2154 491 2219 (modo
502 2158 702 2207 Latinam
715 2176 799 2224 pro
811 2159 1004 2209 lectione
1015 2160 1235 2208 librorum

1120 2225 1236 2273 excir
