1320 2490
22 952 135 989 Linea

20 1017 169 1042 commu-

19 1055 167 1093 nicatio-

19 1121 76 1145 ηις
90 1121 163 1143 ma-

18 1160 158 1197 ximam

16 1210 166 1248 bellandi

15 1275 117 1300 arca-

17 1326 114 1357 num.

219 76 309 123 104
351 64 625 109 ANDREAE
660 61 817 106 MAx.
857 59 1102 107 Fax-:nno

210 149 312 195 belli
337 147 602 210 intercipias,
637 162 728 191 non
749 143 855 191 vero
882 145 1136 208 quicunque
1159 145 1204 192 in

208 215 342 261 obvio
379 213 537 266 fuerit,
563 228 724 258 verum
737 211 856 257 unde
880 211 991 257 hosti
1005 209 1202 258 maxime

207 279 434 326 nociturus
445 278 498 324 fis
510 309 528 332 5
538 278 655 324 unde
666 276 908 324 faciliorem
920 293 1144 324 annonam
1157 281 1203 325 &
1259 296 1265 309 ·-
1281 291 1283 295 ’

208 360 395 390 omnem
420 354 729 391 commeatum
751 353 868 406 petas
883 377 896 397 ,
920 343 995 389 ubi
1009 355 1201 407 aegrotos

206 409 448 463 sauciosve,
475 421 574 457 tum
588 409 785 474 graviora
808 409 1127 472 impedimenta
1138 409 1200 456 se·
1250 445 1265 473 ,¹

207 492 285 521 cui
288 494 337 522 us
350 476 590 539 relinquas,
607 488 707 522 tum
721 476 753 521 fi
768 474 857 521 sors
871 475 1041 522 adversa
1054 475 1175 522 cadat
1185 510 1199 530 ,
1267 506 1269 510 ι

206 553 357 589 tutum
382 543 426 588 in
439 543 691 605 propinquo
705 553 931 604 receptum
945 541 1123 594 habeas,
1149 553 1200 588 ut
1267 550 1269 555 ⁴

208 608 318 654 nihjl
345 605 504 672 atergo
520 608 674 654 hostile
686 608 762 660 fit,
789 605 1067 653 verumliber
1090 604 1198 654 atua
1262 612 1269 629 ¹

206 684 318 719 terra
332 674 533 720 transitus
554 674 778 735 aperiatur.
794 673 1198 720 Commodissimus

205 739 311 785 vero
327 741 372 785 in
386 756 483 785 eam
496 746 592 785 rem'
606 739 727 787 locus
741 738 930 792 futurus,
957 755 1033 801 qm
1024 738 1097 783 ad
1110 739 1196 784 flu-
1268 757 1274 779 s

202 805 327 852 vium
340 805 534 868 aliquem
550 803 838 868 navigabilem
852 804 956 850 fitus
972 804 1111 865 (nulla
1124 820 1195 850 ve-

203 869 253 917 ro
279 888 325 917 re
349 871 450 917 scias
475 869 642 917 facilius
662 870 794 916 dividi
819 869 933 916 inter
954 870 1023 922 se,
1062 873 1106 916 ὃς
1130 870 1195 916 di-

202 937 335 983 visam
359 937 560 982 debellari
595 936 899 989 Provinciam,
934 933 1071 999 quam
1106 936 1193 982 flu-

202 1003 334 1049 vium·
351 1002 547 1065 aliquem
568 1001 858 1066 navigabilem
880 1002 1106 1048 intimiora
1129 1018 1194 1048 re-

202 1068 343 1133 gionis
355 1080 582 1130 petentem
605 1068 682 1115 fibi
708 1068 1004 1120 vendicando,
1030 1084 1128 1130 quae
1141 1069 1196 1114 ad

197 1135 316 1180 littus
329 1135 406 1181 fita
417 1134 518 1180 sunt
529 1171 543 1189 ,
578 1134 661 1180 tuis
675 1134 1021 1196 praeoccupando
1031 1135 1163 1180 armis
1178 1167 1196 1188 ,

197 1211 247 1247 ut
269 1200 336 1247 his
360 1200 477 1264 quafi
503 1201 674 1263 injeffis
703 1199 1017 1263 compedibus,
1049 1211 1192 1246 totam

197 1267 471 1313 Provinciam
494 1266 661 1313 facilius
681 1278 822 1312 teneas
846 1300 860 1319 ,
903 1265 1192 1327 interruptam

195 1333 562 1393 conjunctionem
593 1333 755 1378 virium
799 1331 1014 1378 beneficio
1042 1331 1193 1394 subju-

195 1398 283 1472 gati
308 1398 432 1443 fluvii
457 1397 628 1460 semper
653 1397 908 1455 habiturus)
946 1414 1037 1459 quo
1059 1398 1189 1443 utaris

195 1463 356 1526 majori
376 1464 697 1510 commoditate
715 1463 838 1509 fluvii
860 1461 905 1507 in
920 1462 1187 1508 defluitando

191 1542 473 1582 commeatu,
499 1541 603 1575 utve
625 1528 736 1575 hosti
760 1545 858 1574 eam
890 1528 1189 1590 opportunita-

193 1605 287 1640 tem
300 1594 570 1641 intercludas.
610 1596 654 1640 Si
689 1592 794 1640 vero
828 1594 911 1640 tale
923 1593 1182 1640 fortalitium

192 1661 435 1724 interceptu
460 1661 636 1706 difficile
656 1660 732 1714 fit,
767 1677 875 1706 cum
899 1659 979 1705 tibi
998 1659 1186 1714 securis,

195 1726 311 1787 pala,
334 1739 408 1773 aut
419 1727 511 1791 hgo
533 1742 620 1789 prae
633 1726 859 1779 manibus,
873 1726 1182 1788 ubiqueforta-

190 1791 341 1838 litium
375 1809 456 1855 pio
480 1793 800 1839 commoditate
832 1809 925 1839 non
951 1791 1187 1838 difficulter

192 1859 404 1913 exstrues,
419 1858 702 1922 fipraesertirn
726 1869 1004 1922 perturmas,
1020 1858 1182 1904 cohor-

189 1923 364 1987 tesque,
400 1925 586 1989 lingulas
618 1937 757 1989 partes
792 1924 892 1970 valli
924 1923 1186 1971 muniendas

188 1989 374 2044 dividas,
414 1993 540 2037 Tum
562 1992 748 2038 validam
768 1991 968 2054 peditum
992 2006 1180 2036 manum

187 2070 269 2118 pro
295 2057 460 2104 tuendo
481 2056 582 2103 loco
603 2058 846 2121 relinques,
872 2074 975 2105 cum
1000 2056 1181 2102 strenuis

188 2122 427 2189 equitibus,
462 2123 540 2190 qui
564 2125 716 2173 omnia
735 2125 1080 2214 circumquaque
1101 2137 1181 2184 op-

1030 2205 1076 2252 p
1063 2188 1181 2237 leant
