1320 2490
253 87 494 132 Scnwr.
533 84 748 133 F‘mcm
766 101 937 134 Eua-A}
1016 103 1100 150 173

117 169 338 232 praesentia
351 171 546 217 militurn
560 172 715 218 mortis
726 187 878 234 poenas
891 172 1024 219 luant.

182 237 443 283 Seditiosum
468 235 661 284 militem
698 242 716 298 (
743 237 821 284 sub
839 237 985 302 specie
998 237 1103 285 alte·

109 301 198 348 rius
210 303 334 366 alicuj
341 320 390 349 us
403 303 596 349 criminis
611 303 630 361 )
661 303 768 366 jube
790 303 1106 367 comprehendi

112 384 161 414 ac
183 369 394 423 detineri,
420 370 539 432 quafi
562 370 751 432 majores
760 386 912 432 poenas
932 382 1103 432 paratu-

113 451 201 487 rus,
216 447 328 480 mtei
330 451 393 480 1m
405 436 477 480 alii
489 452 544 481 ex
558 435 805 498 compofito
816 435 1101 489 intercedant,

113 503 156 546 ὃς
171 501 491 547 correctionem
504 500 813 562 polliceantur,
840 502 937 547 vide
947 514 1100 547 tamen

110 582 167 611 ne
189 566 328 630 magis
353 566 578 613 exacerbes
602 563 832 629 fiimpune
857 567 1068 614 dimiseris
1082 600 1098 621 ,

109 633 228 695 quod
243 632 323 677 erit
335 633 614 678 dexteritatis.

174 698 453 744 Confiliarios
466 711 538 744 aut
548 697 794 744 secretarios
818 697 974 760 quibus
986 697 1098 745 sedi-

105 762 282 809 tionum
325 766 472 810 Duces
508 764 755 809 innituntur
775 798 790 817 ,
836 763 1095 810 muneribus

103 844 365 891 corrumpe,
391 830 563 875 veniam
590 831 633 876 &
654 829 964 893 impunitatem
985 828 1095 876 offe-

101 895 240 940 rendo
252 896 305 940 ad
317 907 360 940 te
370 894 506 940 trahe.

170 961 214 1005 Si
226 972 380 1022 potens
394 977 436 1006 es
451 960 610 1006 viribus
624 995 637 1013 ,
663 957 849 1022 propere
873 959 1092 1007 accedead

98 1025 279 1072 rebelles
304 1030 348 1073 ὃς
370 1025 588 1072 seditiosos
602 1061 614 1080 ‚
642 1026 752 1088 jube
775 1025 1096 1089 comprehendi

44 1145 47 1150 .
99 1091 238 1153 capita
257 1091 476 1138 seditionis
491 1127 503 1145 ‚
536 1092 713 1155 reliquis
748 1091 1009 1154 obsequium
1044 1093 1093 1138 ὅτ.

98 1156 295 1204 laborem
308 1159 474 1220 impera
486 1192 499 1210 ,
525 1158 644 1204 velut
665 1157 829 1203 nescius
841 1157 1060 1206 seditionis
1075 1189 1092 1210 ,

96 1235 172 1268 aut
193 1224 225 1269 fi
247 1223 380 1271 sciens
393 1258 407 1277 ‚
432 1240 539 1270 cum
558 1223 633 1286 spe
653 1223 856 1286 parcendi
877 1223 911 1269 fi
938 1222 1088 1270 fideles

93 1288 191 1334 fint.

160 1354 419 1401 Curandum
445 1371 501 1400 ne
521 1354 627 1416 quid
652 1353 812 1400 milites
823 1352 1085 1415 perseditio·

93 1435 200 1465 nem
228 1429 515 1482 extorqueant
539 1454 551 1472 ,
586 1418 688 1465 licet
705 1419 874 1480 justum
900 1429 1082 1481 praetex-

94 1496 194 1531 tum
215 1486 392 1546 petendi
418 1484 637 1537 habituri,
671 1502 729 1531 ne
749 1484 982 1531 assuescant
1005 1500 1082 1529 ex-

65 1573 67 1575 ·
91 1550 273 1596 torfioni
287 1584 300 1603 ,
325 1562 429 1596 utve
441 1551 548 1596 defit
558 1551 604 1596 in
617 1552 841 1612 posterum
869 1554 886 1610 (
901 1547 924 1594 a
936 1548 1081 1594 neces-

91 1615 213 1661 fitate
224 1616 396 1678 petendi
412 1616 429 1671 )
455 1616 718 1662 alimentum
729 1615 957 1661 turbarum
972 1647 984 1667 ‚
998 1630 1081 1676 po·-

90 1681 175 1727 tius
211 1681 334 1726 finita
369 1681 579 1727 seditione
611 1697 693 1742 pro
726 1679 902 1726 arbitrio
915 1679 1082 1743 aliquid

90 1746 306 1799 concede,
333 1762 469 1809 quam
490 1758 540 1792 ut
563 1746 800 1792 extorfioni
810 1745 1078 1808 adscriptum

90 1811 243 1858 ferant.

155 1880 408 1941 Antequam
444 1875 704 1923 maturescat
734 1876 910 1930 seditio,
925 1873 1075 1940 potius

85 1941 205 1990 ultro
216 1944 366 1989 lacesse
379 1943 550 1990 hostem
563 1976 576 1997 ,
603 1953 653 1989 ut
671 1957 791 1989 novo
801 1941 996 2005 periculo
1008 1942 1077 1989 di·

84 2009 242 2055 strahas
253 2008 527 2055 seditionem.

151 2075 278 2120 Haud
302 2073 448 2121 secure
462 2091 566 2122 cum
575 2084 667 2121 tota
687 2073 970 2122 multitudine
988 2084 1075 2121 tra-

85 2139 226 2191 &atus
236 2140 452 2206 sopiendae
464 2140 681 2191 seditionis
690 2141 916 2193 tentaveris
930 2161 943 2199 5
971 2155 1081 2187 cura

581 2208 628 2257 H
662 2212 692 2262 6
991 2221 1076 2270 po3
