1320 2490
177 90 419 134 Scmpw.
455 87 869 132 FRAGMENTA.
983 102 1037 146 17

38 176 136 240 jam
151 174 385 240 legionaria
397 174 767 222 Praetorianorum
780 173 1040 222 cohortium

42 241 246 289 exercitia
258 242 445 294 videant,
460 239 556 286 imo
571 240 751 303 sumpto
765 239 855 302 pilo
871 242 916 286 ὃς
928 238 1042 287 sclo-

39 324 100 371 po
114 341 127 361 ‚
142 307 410 354 Praetorianis
422 307 652 355 intermisti
675 322 774 352 rem
803 305 1042 354 militarem

39 386 339 437 exequantur,
369 385 470 419 tum
494 372 678 435 publicis
708 372 883 434 judiciis
906 371 1039 418 inter-

41 439 125 486 fint
149 443 195 486 &
218 438 501 502 apertioribus
527 437 742 491 consiliis,
793 437 913 500 quasi
939 437 1044 484 inde

37 505 326 552 seminarium
371 504 675 550 ministrorum
699 537 714 557 ,
773 502 1041 549 consiliario-

39 586 172 623 rum,
209 571 313 616 belli
336 573 547 623 Ducum,
575 569 777 631 Princeps
813 567 1040 616 habiturus

37 634 107 681 fit.
145 636 387 682 Prudenter
408 633 515 682 vero
550 634 702 681 fecerit
725 633 909 697 quisque
942 635 1040 679 Re-

37 702 283 765 gum,s1in
294 701 491 765 templo,
515 700 806 754 incubiculo‚
829 699 883 745 ad
907 715 1036 745 men·

36 766 130 813 sam
145 802 156 820 ,
174 767 455 814 discurrendo
467 778 541 813 aut
552 766 752 811 venando
772 800 785 819 ,
811 764 936 812 domi
960 775 1035 812 aut

36 830 185 887 extra,
209 833 350 887 festis,
374 831 660 895 profestisque
681 831 833 878 diebus
856 829 1035 894 publice

38 909 163 962 agat,
191 899 388 963 generofi
412 898 534 944 enim
557 897 767 960 Principis
794 899 853 943 est
879 900 926 944 &
948 897 1034 943 vir-

39 965 146 1009 tutis
170 964 256 1010 suae
282 963 443 1010 conscii
458 998 471 1018 ,
500 980 591 1009 non
627 979 821 1025 quaerere
854 962 1035 1009 latebras

41 1031 88 1074 &
112 1028 324 1075 seceffum
350 1034 371 1090 ζ
387 1030 508 1092 quod
532 1029 830 1092 ignavorum)
866 1027 939 1074 sed
949 1045 1035 1090 po-

38 1091 126 1140 tius
153 1095 198 1140 in
221 1094 399 1156 publico
424 1110 583 1156 cupere
597 1094 761 1140 morari
776 1127 789 1147 ,
819 1110 911 1155 quo
937 1110 1031 1141 ma-

33 1159 111 1219 jor
146 1161 274 1206 detur
297 1160 506 1206 omnibus
530 1158 781 1221 inspiciendi
806 1158 871 1205 sui
906 1175 1033 1205 occa-

40 1224 104 1270 fio
118 1259 132 1278 ,
159 1238 208 1271 ut
230 1241 336 1271 cum
358 1225 520 1289 singuli
543 1224 682 1270 videri
694 1223 877 1277 volunt,
903 1225 1032 1271 omni

38 1289 84 1335 in
118 1303 240 1352 parte
277 1291 551 1355 diligentiam
585 1305 693 1335 cum
744 1290 952 1336 industria
985 1294 1033 1337 ὃς

38 1355 200 1402 virtute
222 1353 374 1401 coram
395 1355 608 1417 probent,
642 1354 762 1402 secus
797 1355 830 1401 fi
854 1372 944 1402 non
969 1355 1033 1402 vi-

38 1420 245 1473 deantur,
283 1421 403 1466 velut
426 1420 573 1466 nullus
611 1420 664 1466 fit
687 1420 773 1466 suae
796 1421 1034 1484 diligenti-ae

37 1484 165 1538 usus,
190 1486 318 1547 pauci
341 1483 489 1548 primo
504 1520 517 1539 ,
549 1503 661 1533 mox
684 1487 795 1533 nulli
818 1487 1034 1535 Palatium

37 1551 199 1597 adeunt
210 1584 224 1603 ,
238 1550 334 1598 imo
347 1551 491 1597 aulam
507 1553 645 1616 Regis
659 1551 780 1615 sequi
792 1553 1032 1616 dedignan-

38 1627 127 1661 tur.
158 1617 489 1681 Prodeatigitur
517 1618 714 1680 quotidie
747 1619 794 1664 in
828 1630 1031 1680 apertum
1099 1660 1105 1667 .

36 1680 189 1727 Palatii
199 1682 403 1745 Princeps
417 1718 430 1736 ,
454 1683 648 1746 aliquam
671 1684 847 1730 daturus
873 1683 1033 1730 horam

38 1748 126 1809 qua
137 1747 332 1810 singulos
344 1749 486 1794 videat
499 1783 511 1802 ,
524 1765 572 1795 ac
584 1746 673 1811 ipse
684 1750 879 1795 videatur
889 1784 904 1803 ,
929 1749 1036 1796 alios

30 1824 149 1859 nutu
173 1846 186 1864 ,
223 1813 403 1859 modico
436 1814 632 1877 alloquio
665 1815 769 1861 alios
795 1849 808 1868 ,
844 1815 1036 1878 reliquos

37 1877 233 1923 hilariori
255 1877 429 1939 aspectu
440 1914 455 1933 ,
484 1896 640 1926 omnes
654 1878 760 1926 vero
774 1880 838 1927 sui
849 1880 1034 1944 praesen-

33 1942 94 1988 tia·
108 1942 361 2006 dignaturus
374 1978 387 1997 ,
402 1945 563 1991 crescet
583 1945 765 1992 subinde
785 1945 1035 1993 incolarum

36 2023 163 2054 amor
175 2025 230 2054 ex
243 2008 519 2064 confidentia,
533 2014 578 2058 &
591 2012 896 2058 ministrorum
909 2028 1035 2058 acue·

29 2084 110 2118 tur
123 2074 368 2137 diligentia,
384 2092 521 2138 quam
546 2094 638 2124 non
659 2090 709 2126 ut
732 2079 932 2144 ignotam
955 2077 1035 2125 suo

37 2138 229 2202 Principi
243 2174 256 2194 ‚
281 2142 475 2190 testatam
488 2141 643 2192 ferent.

25 2227 30 2231 ·
862 2227 932 2256 10.
949 2211 1036 2257 Pu-
