1320 2490
190 116 432 160 SCRIPT.
470 112 875 158 FRAGMENTA.
954 109 1041 171 185

72 205 213 251 essum
240 202 448 255 habeant,
475 201 520 247 in
541 201 703 263 privata
725 199 862 247 studia
895 201 940 247 &
961 216 1043 263 po-

66 270 290 317 entiorum
314 267 524 314 fastiones
537 267 664 313 facile
674 266 844 313 abituri.
883 265 1042 313 Abun-

50 359 68 377 ι
79 353 103 381 e
114 335 208 382 latis
221 351 302 397 pro
319 333 513 380 libertate
525 333 696 380 vetandi
710 349 785 379 me
798 331 950 378 dixiffe
959 348 1042 394 pu-

55 414 79 443 ’.
114 417 204 454 ern,
219 401 250 446 fi
265 400 360 447 haec
369 399 446 446 tibi
460 399 611 463 magni
620 399 774 461 judicii
786 399 880 445 viro
894 397 1045 463 legen-

55 467 306 520 aferrem,
329 465 488 512 verum
511 466 613 528 quia
637 465 732 510 haec
755 481 853 510 mea
873 465 926 510 ad
948 480 1041 510 ma-

61 551 132 580 nus
167 533 357 579 aliorum
381 531 512 577 credo
531 531 723 583 deferes,
758 530 884 576 latius
912 546 1044 591 expe-

53 599 183 645 ·iam.
222 596 574 662 Ouibuscunque
608 596 851 642 meliorum
875 595 1044 642 civium

49 667 73 731 J·
87 685 103 707 ο
112 681 154 710 111
146 664 328 726 publici
341 664 448 710 inest
460 663 678 715 studium,
699 662 862 725 duplici
873 659 1046 708 adillud

57 730 344 776 btinendum
358 729 560 776 feruntur
570 730 652 782 via,
665 740 740 775 aut
753 729 871 774 enim
884 726 1044 773 autho·

58 816 61 817 ⁷
88 808 174 842 tate
197 795 262 843 sui
283 812 415 860 penes
426 796 704 857 prudentiam
718 794 887 841 consilii
900 796 946 840 ὃς
959 792 1046 838 vir-

50 879 57 904 :
103 873 374 915 tem,omnes
386 861 433 907 in
445 861 566 907 idem
574 860 853 907 sentiendum
863 875 1041 923 permo-

170 962 183 981 ,
208 928 278 974 vel
293 927 373 973 njfi
394 925 618 980 succedat,
632 939 682 972 ut
691 926 847 988 sponte
861 924 1049 988 quisque

50 1011 62 1034 -·:
76 994 232 1040 eil-um
254 991 482 1057 sequatur,
518 993 572 1038 ab
606 993 752 1039 invitis
783 1004 1049 1054 extorquere

57 1081 67 1100 ε
113 1058 268 1105 ensum
289 1059 455 1105 necesse
478 1058 653 1104 habent.
705 1059 786 1105 Illa
818 1058 952 1120 priorl
979 1055 1050 1102 via

83 1159 90 1165 .
126 1125 190 1171 'us
213 1128 259 1173 ὃς
282 1125 362 1171 nifi
385 1124 550 1186 aliquid
574 1141 734 1188 urgens
757 1124 946 1170 omnino
970 1121 1049 1175 fit,

56 1214 69 1235 ε.
116 1207 300 1253 equare,
327 1191 373 1236 in
387 1189 509 1236 sciffo
520 1190 786 1252 plerumque
800 1207 878 1252 per
888 1188 1050 1251 privata

0 1284 22 1314 Ὀ.
51 1270 59 1297 ³-
124 1257 191 1302 dja
213 1259 258 1304 &
279 1255 497 1318 respetstus
521 1256 717 1318 populo,
742 1256 954 1317 posterior
974 1253 1050 1299 sae-

0 1350 19 1381 3,
56 1324 153 1385 pius
166 1322 369 1375 succedit,
380 1322 616 1384 prudenter
626 1321 843 1384 urgendo,
855 1318 1049 1365 velfidi·

0 1410 22 1447 n
85 1405 156 1434 ere
167 1389 270 1434 hcet
285 1386 576 1450 Extorquendo‚
588 1401 680 1432 non
691 1398 840 1432 tamen
850 1401 891 1430 V1
905 1395 1056 1430 autar-

0 1481 18 1510 ῃ·
57 1454 145 1501 mis
171 1470 263 1500 non
287 1469 367 1515 pro
389 1452 592 1514 imperiQ
596 1451 669 1497 sed
701 1467 778 1514 per
801 1450 1056 1497 consuetam

0 1542 21 1575 ,ς
58 1519 516 1571 Vetandilibertatem‚
539 1517 659 1563 velut
677 1517 790 1564 olim
815 1520 980 1562 Romae
993 1515 1057 1561 fa-

0 1599 24 1643 st
60 1585 190 1631 &cum
196 1605 207 1638 3
222 1584 298 1631 ubi
313 1600 418 1630 cum
431 1582 623 1646 aliquid(
624 1596 696 1629 aut
707 1600 788 1644 pro
800 1596 1057 1643 recuperan-

0 1686 30 1708 ..
59 1650 121 1696 do
136 1648 522 1712 quodinlibertate
543 1649 827 1711 depravatum
841 1660 928 1693 erat
941 1680 954 1699 ,
982 1657 1057 1692 aut

58 1733 145 1780 pro
160 1732 281 1764 novo
293 1715 482 1776 parando
497 1714 529 1759 fi
541 1714 706 1776 aliquid
718 1714 764 1760 in
779 1713 934 1760 melius
948 1711 1058 1757 defi-

0 1812 22 1836 2
57 1781 311 1863 derabatur)
329 1779 486 1826 habere
498 1779 861 1841 voluitpopulus‚
876 1795 966 1824 non
977 1777 1058 1825 alia

16 1887 31 1895 .
63 1848 135 1894 via
146 1864 283 1910 quam
296 1845 552 1892 extorfionis
565 1845 888 1907 assequebatur3
911 1843 971 1889 fic
982 1859 1059 1905 pa-

3 1950 17 1973 .·
67 1911 542 1959 troclmumhbertatis
531 1928 576 1957 1n
597 1911 803 1957 Tribunis
823 1910 958 1974 plebis
981 1909 1061 1955 ob-
1087 1960 1103 1966 ,

0 1976 2 2001 ³
55 1986 58 1993 ’
91 1978 240 2032 nuit,
267 1980 326 2024 fic
348 1977 596 2040 piomiscua
618 1977 904 2024 Matrimonia
926 1975 1061 2022 Patri-

1 2083 19 2102 .,,
58 2063 61 2070 ··
69 2044 244 2090 ciorum
257 2048 302 2091 ὃς
313 2044 476 2106 plebis,
490 2042 582 2089 fic
561 2060 585 2089 e
598 2042 722 2105 plebe
735 2041 972 2094 Consules,
1002 2040 1062 2086 fic

0 2126 24 2173 [ae
55 2113 92 2171 ¹(
106 2111 227 2173 quod
239 2110 386 2173 primo
398 2109 635 2155 dicendum
660 2109 777 2166 erat)
816 2107 1062 2171 superbiam

17 2213 21 2217 .
72 2175 454 2230 decemvirorum,
478 2191 733 2239 nomenque
745 2173 1068 2285 decemvp-atus

952 2239 1046 2284 ustu
