1320 2490
200 89 438 134 Sexum.
475 86 881 133 FRAGMENTA.
971 103 1040 147 55

28 179 29 192 ³
46 171 139 235 spes
151 171 364 218 ?confilio
374 206 388 225 ,
401 162 533 226 voce]
555 188 691 218 manu
704 170 880 235 insignis
893 169 1005 216 hosti
1017 204 1037 223 ,

48 237 306 299 conspicuus
327 237 412 283 suis
426 271 440 291 ,
476 239 554 300 qui
574 238 761 284 demum
785 237 961 283 severus·
979 235 1035 281 fit

48 302 281 365 disciplinae
302 303 466 357 custos,
491 320 634 367 neque
653 316 727 349 aut
747 301 942 364 respectu
953 301 1036 347 du-

52 381 196 421 catur,
220 379 295 414 aut
312 385 367 414 ex
379 369 655 416 conniventia
677 383 881 415 amorem
903 371 920 429 (
931 378 1034 413 tum

52 433 399 490 authoritatem.)
436 435 552 497 apud
596 433 788 480 militem
835 444 998 496 quaerat
1021 465 1037 485 ,

52 497 191 562 qualm
213 498 416 562 prudenti
438 499 659 545 severitate
679 497 826 561 potius
863 497 1034 543 habitu·

49 582 149 618 rus,
140 585 148 592 ·
177 565 360 610 eandem
373 564 492 611 enim
513 564 782 611 severitatem
795 567 1038 624 Imperato-

51 630 109 676 ris
132 630 292 676 milites
315 630 584 676 admirantur
605 628 836 677 &laudant
856 627 1039 690 saepius,

52 696 124 742 cui
138 695 402 759 quandoque
423 695 688 747 irascuntur,
712 693 833 740 velut
854 693 1008 757 aegroti
1023 726 1037 746 ,

26 802 27 805 ,
52 760 156 807 licet
166 777 255 824 prae
276 759 545 822 impatientia
555 759 811 807 contrahant
822 758 1036 811 frontem,

52 842 183 889 aequo
204 826 355 872 animo
378 837 526 874 tamen
550 841 735 872 manum
769 828 814 872 &
836 839 1038 887 unguem

53 891 285 965 chirurgi
272 908 319 937 1n
332 908 359 935 v
361 892 512 938 ulnere
525 890 698 944 ferunt,
721 889 965 936 dumaliter
974 888 1038 935 sa-

53 973 145 1003 nari
135 956 200 1002 se
212 972 304 1002 non
316 968 480 1019 putant.
519 956 604 1002 Sed
620 957 722 1026 quis
735 955 850 1001 mihi
872 954 1036 1000 Princi-

54 1038 167 1084 pum
193 1026 211 1083 (
225 1022 438 1096 inquies)
451 1035 544 1067 tam
566 1016 789 1095 peilpicax
811 1030 886 1066 aut
905 1017 1035 1082 plene

23 1097 27 1103 ·
53 1087 230 1149 lynceus
255 1087 341 1134 fit?
364 1087 664 1151 quicujulque
678 1086 886 1150 genium,
899 1085 1037 1131 virtu·

53 1163 173 1206 tem,
194 1152 464 1200 &intimum
477 1153 628 1214 pedtus
640 1152 795 1204 videat,
809 1167 862 1196 an
879 1154 1040 1212 (quem

25 1242 27 1247 ·
53 1218 279 1281 elegerit)
267 1226 313 1263 11'1
327 1219 483 1265 melius
495 1216 720 1263 occafione
730 1216 884 1261 oblatae
895 1215 1041 1261 fortu-

24 1309 27 1319 ‹
53 1300 120 1329 nae
131 1283 176 1329 se
187 1295 440 1345 componat,
453 1300 507 1329 an
518 1283 564 1328 in
575 1282 698 1344 pejus
711 1285 1038 1342 corrumpatur?

52 1349 185 1394 multi
204 1350 392 1410 majores
414 1348 588 1411 privatis
609 1347 811 1392 videntur
824 1346 935 1391 dum
948 1346 1034 1408 pri-

52 1413 138 1459 vati
160 1414 285 1467 sunt,
322 1413 586 1460 &omnium
623 1410 831 1458 consensu
867 1427 1038 1474 capaces

50 1479 274 1531 muneris,
300 1478 380 1524 nisi
403 1477 713 1540 exequendum
734 1477 933 1530 sumant,
957 1493 1038 1539 po-

22 1548 25 1553 ”
53 1543 193 1590 tiusve
205 1545 470 1590 destinantur
482 1543 630 1589 officio
645 1577 661 1596 ,
684 1559 820 1605 quam
833 1559 971 1604 quem
993 1558 1038 1587 a-

50 1608 249 1671 ptiorum
260 1609 395 1656 virtus
407 1609 454 1655 in
465 1609 642 1655 occulto
654 1609 943 1654 tenet.Fateor
954 1622 1040 1670 ego

53 1673 235 1737 quidem
249 1707 262 1727 ,
286 1674 450 1737 aliquid
472 1675 628 1720 erroris
649 1673 770 1736 poffe
780 1672 1038 1718 obverssirifi

52 1738 270 1801 respectus
281 1739 414 1793 adsit,
438 1737 600 1785 verum
623 1738 818 1800 Principi
835 1738 1039 1800 prudenti

54 1807 100 1852 ὅ(
113 1821 188 1866 pei
190 1803 343 1867 lpicaci
356 1804 472 1850 haud
483 1805 590 1850 abfit
602 1804 725 1857 ratio,
741 1803 856 1866 quin
861 1803 1037 1849 rectum

46 1870 270 1932 judicium
283 1870 337 1914 de
347 1869 494 1933 aliquo
507 1870 603 1915 viro
615 1870 749 1922 ferat,
774 1869 887 1932 apud
899 1884 1039 1931 quern

52 1935 190 1999 gratia
211 1946 313 1981 tum
319 1934 527 2009 splendor
548 1934 862 1989 fortunarum
849 1949 1037 1997 margu-

53 2013 262 2046 mentum
286 2000 456 2047 virtutis
468 2017 559 2047 non
573 2000 745 2046 abeunt.
784 2003 896 2046 Sunt
918 2000 1038 2045 enim

54 2064 258 2111 nonnulli
293 2066 369 2128 qui
392 2066 574 2112 nomine
596 2068 773 2112 Domus
798 2064 1039 2129 magnifico

53 2132 101 2180 ὃς
124 2129 405 2182 fortunarum
417 2165 440 2190 ,.
466 2143 644 2195 turpem
655 2131 861 2181 inertiam
869 2130 1013 2179 velant
1026 2163 1039 2182 ‚

539 2200 580 2263 C
618 2213 643 2260 7
932 2211 1048 2264 qu03

506 2299 526 2323 β

1070 1947 1167 1986 Deln'

1070 2000 1203 2038 Duoem

1071 2051 1094 2087 a¹
1108 2052 1180 2097 sola

1073 2102 1207 2140 virtute

1072 2155 1179 2202 legen-

1072 2205 1172 2258 ἄπας
