1320 2490
237 117 325 166 168
396 118 663 162 ANDREAE
694 114 850 159 MAx.
887 113 1133 159 Fnssnno
1252 0 1295 177 Ἠ

231 208 350 255 unde
363 207 407 252 in
420 206 563 252 turbas
586 204 730 252 fomes
755 206 963 259 &ard0r‚
992 205 1148 268 quietis
1172 216 1223 252 ut
1249 174 1293 448 ἕ

231 272 344 320 nihil
365 272 605 334 profuturae
627 271 787 336 cupido
801 272 920 319 nulla
933 306 947 326 ‚
971 271 1066 318 imo
1076 271 1224 334 potius

229 339 400 385 odium.

299 404 462 450 Literas
490 406 534 450 δε
547 402 714 450 famam
734 402 798 449 rei
820 403 948 450 mitte
970 403 1016 448 in
1035 401 1227 466 vulgus,
1283 455 1289 464 1
1317 417 1320 424 ’

231 469 461 517 adventare
473 468 673 523 hostem,
700 469 993 515 necessitatem
1006 468 1224 514 indecon-
1272 460 1289 513 ᾗ
1317 483 1320 510 ;

232 536 392 583 cordiae
415 532 496 597 pro
519 534 755 581 communi
777 533 911 581 salute
922 534 1089 587 adesse,
1114 534 1224 580 item
1274 573 1279 576 .

230 600 329 647 fore
360 601 499 648 alium
533 599 778 648 exercitum
812 599 858 646 in
877 615 1060 663 poenam
1085 598 1224 649 rebel.-
1278 651 1281 655 ,

229 665 361 713 lium.
1275 663 1282 670 ’

267 731 490 780 Veniam
524 729 795 794 delinquenti
829 740 903 778 aut
921 729 1136 795 proditori
1164 729 1230 778 se-
1274 707 1288 822 ξ

230 808 457 847 cretorum
469 797 689 846 seditionis
702 796 837 853 offex„
857 808 933 845 aut
943 794 1222 846 desciscent}
1203 813 1232 844 a
1274 803 1287 848 ῗ
1312 812 1320 842 1

227 864 453 922 seditione.

297 932 410 976 Non
430 929 625 978 terrearis
664 945 849 978 rumore
867 928 1119 987 seditionis,
1152 928 1228 978 sed
1270 885 1286 1015 i
1313 931 1320 975 1

229 996 376 1060 potius
391 995 580 1043 observa

296 1062 443 1109 Modo
477 1062 589 1109 nihil
612 1061 935 1125 spernendum,
968 1061 1110 1109 modo
1133 1077 1230 1110 non

228 1128 383 1175 omnia
397 1130 634 1176 metuenda
645 1128 864 1175 suaserim.

229 1275 310 1323 pus
332 1277 423 1324 quo
434 1260 666 1308 senescant
1273 1315 1275 1318 Ι

294 1326 595 1373 conciliabula
630 1330 675 1374 &
688 1338 829 1374 coetus
863 1324 1049 1374 distrahe
1071 1325 1224 1389 aliquo

227 1406 411 1436 rumore
421 1407 496 1453 pei
498 1392 626 1446 iculi,
650 1393 717 1438 vel
729 1409 986 1456 praeoccupa
996 1393 1116 1455 prior
1128 1391 1221 1440 col-

228 1455 330 1519 legii
342 1456 495 1502 locum
508 1458 736 1504 militibus.

269 1495 634 1585 DNonnunquam
648 1523 823 1570 eosdem
838 1522 1136 1569 conciliatores
1155 1520 1219 1567 ΓΕ

227 1586 403 1633 ditionis
417 1604 563 1650 quae1e
589 1593 607 1651 <
623 1589 743 1652 quasi
768 1605 845 1651 per
862 1588 1072 1634 fiduciam
1084 1588 1224 1633 virtu-

227 1653 280 1698 tis
297 1654 314 1709 >
343 1654 419 1715 qui
434 1653 583 1699 fuere
572 1666 772 1701 1ncent01
774 1671 842 1707 es
870 1651 996 1700 Cum
1009 1654 1129 1700 enim
1141 1652 1220 1699 bo-

226 1734 281 1764 na
295 1718 348 1763 de
360 1718 403 1764 se
415 1719 648 1767 existimari
659 1719 979 1782 praesenserint,
1001 1731 1129 1766 erunt
1141 1719 1217 1765 bo-

226 1784 298 1837 ni,
325 1797 398 1831 aut
410 1785 700 1834 diffidentiam
721 1785 804 1834 illis
826 1785 938 1850 apud
963 1797 1138 1833 caeteros
1159 1784 1222 1833 fa-

228 1849 329 1896 cies.

295 1916 507 1963 Pollicere
528 1917 595 1965 his
607 1917 770 1982 aliquid
796 1932 907 1983 quos
931 1917 1112 1964 idoneos
1126 1932 1220 1963 cre-

225 1979 319 2035 dis·
344 1983 461 2028 tarda
473 1985 558 2030 esse
570 2001 668 2047 quae
686 1986 733 2031 in
744 2000 990 2032 commune
1014 1984 1217 2046 expostu-

223 2045 394 2101 leantur,
415 2049 626 2109 privatam
650 2052 836 2114 gratiam
848 2051 987 2098 statim
1003 2065 1053 2096 ac
1075 2065 1220 2096 mere—

224 2127 298 2158 are
318 2114 476 2176 recipi,
501 2115 591 2172 iam
615 2118 699 2163 effe
710 2129 887 2182 tempus
897 2134 989 2182 quo
1003 2115 1133 2162 virtus
1145 2114 1220 2162 sua

226 2178 689 2245 Principiinnotestat,
729 2187 773 2232 &
796 2180 1261 2293 ΡΥεεῖΕΥίϊσι-ιιὲὲὲὒ-

1047 2264 1067 2321 J
1159 2263 1216 2299 0»
