1320 2490
90 1233 196 1272 Indi-

88 1286 186 1325 oium

91 1338 183 1375 mali

83 1388 210 1431 Ducis.

1251 0 1264 29 1

1254 35 1265 66 ’ἔ

1256 67 1265 90 ,τι

261 111 324 158 52
392 96 664 142 ANDREAE
699 99 1137 160 Mixa-Fannno
1258 126 1294 178 4*

263 199 341 231 uon
354 184 487 233 mimis
501 185 629 249 afim,
647 184 765 250 qucim
788 191 889 251 equis
905 186 957 233 ad
971 184 1271 250 agriculturam}

266 262 467 296 uteremur
482 281 495 304 ‚
510 267 704 314 cumque
716 252 776 298 illi
786 252 1096 314 respondissent
1106 286 1120 307 ‚
1134 250 1269 315 igin-ff

269 329 380 361 vum
391 315 475 361 efl'e
485 317 702 364 animal&
725 317 860 363 labori
872 319 1072 381 ineptum
1085 354 1098 372 ‚
1121 317 1261 364 subri-¹¹

267 379 416 427 dendo
427 381 576 429 intulit
586 418 602 437 ,
612 382 720 446 quid
731 382 863 430 refert
875 387 897 430 ?'
929 401 1034 431 cum
1046 384 1093 430 in
1105 386 1238 444 Repu

266 445 380 493 blica
388 448 522 494 vestra
532 451 678 496 Duces
689 449 772 496 fint
781 483 797 503 ,
807 449 884 512 qui
898 465 977 496 nec
988 450 1041 496 ab
1051 460 1141 496 arte
1153 483 1165 503 ‚
1181 464 1236 494 ne
1274 507 1275 510 Ἰ

269 511 325 557 ab
345 514 607 575 experientia
619 550 632 570 ‚
668 531 749 562 nec
782 512 808 561 ὲ
839 527 990 562 natura
1023 515 1209 562 militare

267 575 493 627 scientiam
506 580 684 628 hausere
695 615 708 635 ‚
732 581 850 644 quafi
863 581 944 628 illis
956 581 1008 627 ad
1019 585 1240 643 Imperato
1278 629 1283 633 μ

267 643 379 689 riam
393 658 533 693 artem
544 646 725 693 sufficiat
735 680 747 700 ‚
760 649 882 709 quod
894 644 918 692 a
928 647 1049 693 vobis
1060 647 1106 693 in
1116 649 1242 693 Duce

272 707 376 754 leffi
387 709 501 757 sunt.
540 714 778 758 Summam
789 711 887 758 ideo
898 713 1176 775 prudentiam
1187 727 1241 757 cu

265 773 431 838 jusque
441 776 646 840 Principis
657 778 704 822 in
715 778 903 841 legendo
925 777 1028 823 belli
1050 780 1190 824 Duce‘
1196 791 1242 823 re

273 840 405 902 quiro
417 875 431 895 ,
467 854 517 889 ut
550 844 767 908 quidquid
800 843 878 890 fibi
911 841 1027 889 bello
1061 843 1230 890 clarum
1245 876 1262 898 ‚

275 907 494 970 quidquid
505 919 656 955 tutum
668 920 742 956 aut
762 909 972 956 laudabile
992 901 1131 970 speret
1144 943 1157 962 ,
1194 920 1267 954 to-

275 983 378 1018 tum
389 973 442 1019 ab
454 990 507 1019 eo
519 986 767 1036 recepturus
781 975 832 1020 {it
844 1009 856 1028 ,
892 976 922 1022 fi
945 975 1153 1021 scientem
1162 971 1266 1029 bell?

276 1038 456 1084 Ducem
468 1039 583 1103 legat
595 1074 608 1093 ,
621 1040 775 1086 frustra
785 1040 900 1104 leges
914 1041 1119 1087 diffoluto
1134 1037 1271 1101 militi

275 1101 429 1149 scribat
439 1139 452 1158 ,
465 1104 619 1152 frustra
629 1105 796 1153 bellum
807 1118 926 1167 paret
938 1143 954 1162 ,
983 1104 1264 1168 periculofius

275 1167 381 1214 vero
401 1171 677 1235 aggrediatur
687 1205 701 1225 ‚
725 1172 756 1217 fi
770 1172 954 1218 unicum
965 1171 1052 1217 hoc
1063 1170 1250 1216 abfuerit

276 1234 432 1297 Qalis
443 1236 517 1282 ille
529 1237 641 1283 mihi
653 1237 706 1283 fit
716 1237 818 1283 belli
829 1240 938 1284 Dux
952 1272 964 1290 ,
986 1237 1018 1283 fi
1030 1237 1074 1282 in
1085 1236 1243 1281 virtute
1289 1247 1291 1280 2

272 1300 462 1364 vitiaque
497 1303 697 1349 militum
743 1320 834 1350 non
868 1302 1058 1366 inquirat
1093 1305 1117 1363 ζ
1123 1301 1243 1347 bono

272 1368 658 1414 recommendatur
664 1386 710 1415 us
742 1369 932 1430 Pn‘ncipi
944 1368 1056 1415 testis
1068 1367 1236 1414 virtutis
1270 1391 1271 1394 =

274 1448 512 1494 poenamve
523 1446 789 1497 1rrogaturus
803 1435 927 1480 malis
941 1435 958 1491 )
985 1444 1058 1479 aut
1069 1449 1263 1496 quomo-

272 1497 332 1544 do
344 1499 659 1562 inquirendum
672 1499 847 1563 ignoret
859 1535 874 1552 7
886 1498 980 1544 imo
996 1515 1087 1544 non
1096 1498 1260 1544 audeat·
1292 1489 1297 1547 ἰ

273 1565 388 1625 apud
401 1581 538 1628 quem
551 1565 684 1611 inanis
696 1565 910 1627 respectus
923 1599 936 1618 ‚
959 1564 1084 1610 obvia
1096 1578 1263 1626 praepo-
1293 1549 1298 1599 l

271 1639 449 1677 tentum
459 1631 705 1677 interceffio
727 1631 932 1693 peccandi
953 1630 1273 1692 impunitatem?

266 1695 477 1742 adferunt
490 1731 502 1749 ,
517 1699 563 1744 ὃς
575 1697 855 1743 diffolvendae
868 1695 1063 1742 militaris
1076 1694 1263 1756 discipli-

272 1777 340 1807 nae
354 1761 476 1810 causa
485 1761 610 1816 sunt,
624 1763 790 1825 qui-per
801 1762 953 1808 blanda
964 1760 1168 1824 alloquia,
1181 1760 1262 1805 do·

274 1828 418 1874 nativa
430 1826 564 1875 effuse
578 1829 799 1890 promiffii,
814 1825 1062 1892 largitiones
1077 1861 1089 1880 ‚
1106 1826 1260 1872 conni-

273 1894 468 1940 ventiam
482 1929 495 1948 ,
522 1894 838 1940 commefi'andj
853 1893 1017 1940 mensas
1031 1927 1045 1946 ,
1082 1892 1265 1938 lautiora

264 1967 354 2019 'poc
361 1960 428 2006 ula
451 1995 462 2012 ‚
502 1959 699 2007 favorem
723 1959 921 2006 militum
943 1959 1145 2020 aucupari
1168 1973 1262 2003 ma-

267 2024 370 2070 vult
383 2059 395 2076 ,
432 2022 569 2087 quam
586 2038 644 2079 >ut
668 2025 763 2071 haec
787 2042 840 2071 ex
868 2025 1153 2071 admiratione
1174 2022 1261 2068 suae

271 2090 443 2136 virtutis
456 2125 467 2144 ‚
484 2094 529 2137 &
541 2108 623 2153 pro
636 2091 829 2138 muneris
842 2090 1104 2137 authoritate
1114 2085 1263 2135 debite

273 2155 472 2204 obla-tum
484 2156 564 2204 fibi
576 2157 728 2207 habeat
738 2191 754 2212 ,
789 2156 885 2207 solo
898 2156 1082 2206 nomine
1091 2158 1200 2203 Dux
1213 2156 1260 2200 ὃς
1274 2215 1276 2219 y

1158 2222 1254 2268 Im-

1306 164 1320 210 l
