1320 2490
278 114 371 159 290
409 99 583 144 ANDR
604 113 685 144 13AE
717 98 873 144 MAx.
911 98 1175 144 annno.

277 184 476 246 frangere
487 184 668 237 volunt,
693 184 895 231 lambunt
917 202 1008 232 non
1020 185 1266 246 percutiunt

271 265 434 310 ‚mpem
448 283 462 302 ,
485 265 570 296 nec
579 250 841 296 ranunculus
853 251 1063 314 deglutiat
1075 250 1234 297 bovem
1249 284 1262 303 ,

271 313 377 360 hcet
403 315 599 361 hiantem
611 316 841 378 protendat
862 316 1044 362 buccam
1059 350 1072 370 ,
1099 332 1180 362 nec
1201 316 1265 362 isti

274 379 516 426 blaterones
538 381 738 427 accusent
758 393 833 428 aut
851 382 1083 428 mordeant
1095 384 1232 429 nostra
1248 417 1262 436 ,

272 446 351 507 qui
362 447 505 508 potius
515 446 638 493 suam
654 447 874 493 levitatem
899 450 941 494 &
956 446 1101 493 infima
1102 464 1122 509 J
1131 448 1264 495 udicia

271 512 504 566 excusent,
528 513 561 559 fi
581 511 721 559 mod&
743 512 839 559 satis
863 512 1065 559 excusare
1085 513 1260 561 valeant.

274 578 387 624 Non
410 579 547 642 igitur
568 577 704 642 quam
725 594 833 625 vana
855 578 919 624 ilh'
929 591 1119 626 -narrent
1142 613 1156 633 ,
1191 579 1262 627 sed

272 643 457 705 qualiter
467 643 512 690 se
533 661 598 690 res
620 646 736 707 apud
749 662 828 691 nos
852 661 908 691 ex
920 660 1027 690 vero
1050 644 1261 700 habeant,

88 724 229 772 Vestitus
269 708 471 757 brevibus
495 711 695 774 expedio.
734 709 923 758 Vestitus
947 709 1072 758 nobis
1085 711 1264 759 Polonis

84 780 218 816 Polam>-
271 777 330 821 est
343 810 355 829 ‚
381 793 472 823 non
483 778 535 824 ad
548 791 653 824 eum
665 777 858 824 modum
871 775 987 841 quali
999 792 1119 826 nunc
1130 787 1260 825 utun-

84 843 181 870 'm-
269 854 342 888 tur
377 843 680 891 Occidentales
725 847 1047 906 Europaeorum
1081 843 1260 906 populi,

289 909 339 954 ed
361 911 542 972 propius
566 925 774 956 normam
798 944 813 964 ,
849 911 938 972 qua
958 909 1130 956 dudum
1154 910 1260 956 anti-

266 990 380 1035 quus
395 976 510 1022 orbis
523 976 723 1023 utebatur
735 1010 748 1030 ,
772 973 885 1022 clare
897 976 1103 1022 testantur
1115 975 1259 1022 Histo—

265 1039 339 1086 riae
354 1075 366 1094 ,
390 1041 599 1103 pistum,
625 1041 911 1089 Numisrnata
929 1053 1153 1094 veterum,
1180 1057 1260 1087 ne<⁸

265 1121 355 1168 que
377 1108 648 1155 modernum
672 1106 899 1155 Gallicum
920 1119 996 1154 aut
1008 1109 1254 1154 Germano-

262 1188 368 1219 rum
393 1173 599 1222 vestitum
612 1171 730 1236 juste
755 1173 1107 1221 Christianorum
1118 1173 1264 1228 dicas,

262 1254 346 1284 nec
358 1239 467 1287 item
481 1240 682 1287 nostrum
695 1239 980 1288 barbarorum
992 1274 1005 1294 ,
1030 1239 1096 1286 uti
1108 1239 1257 1304 lingua
1319 1241 1320 1287 3

261 1304 324 1350 fic
339 1305 460 1352 vestis
474 1340 486 1360 ,
500 1318 683 1370 gentem
695 1302 719 1353 ὲ
730 1318 862 1371 gente
874 1341 887 1361 ,
912 1323 1003 1354 non
1027 1304 1164 1352 fidem
1174 1322 1262 1368 po·-

261 1369 474 1431 pulorum
498 1371 722 1436 distinguit
735 1406 748 1425 ,
761 1371 888 1435 aeque
902 1374 1043 1418 nostra
1054 1371 1190 1418 talaris
1202 1370 1265 1417 ad¹

256 1436 521 1499 gTavitatem
530 1449 647 1501 togae
668 1437 910 1500 composita
924 1471 937 1490 ‚
959 1433 1097 1500 quam
1123 1437 1255 1483 Occi-

255 1501 499 1548 dentalium
525 1501 658 1548 acciia
681 1505 725 1549 ὃς
738 1516 859 1549 curta
873 1504 995 1550 vestis
1014 1537 1027 1556 ‚
1053 1502 1252 1549 Catholi-

256 1581 364 1612 cum
385 1579 486 1613 tum
510 1568 750 1614 Ponticum
774 1569 920 1614 virum
948 1585 1041 1615 non
1061 1567 1253 1614 dehone-

254 1633 363 1678 stare
373 1632 445 1678 sed
457 1650 611 1680 ornare
624 1634 785 1695 potest,
799 1647 890 1681 eam
902 1633 981 1679 sub
994 1634 1141 1680 nostro
1151 1645 1251 1680 ton-

253 1697 301 1743 so
318 1698 545 1746 &subraso
558 1699 665 1762 pillo
683 1716 774 1746 non
797 1699 1042 1747 caAEVescunt
1054 1699 1225 1762 ingenia
1238 1735 1251 1754 ,

257 1761 394 1826 quam
417 1765 611 1812 aliorum
634 1765 812 1827 pillosus
837 1778 984 1813 vertex
999 1799 1012 1818 ‚
1052 1778 1252 1813 mentem

68 1851 162 1900 lnge·
251 1829 400 1876 sanam
427 1847 532 1878 cum
541 1832 710 1894 judicio
736 1844 910 1878 maturo
932 1844 1079 1895 tegere
1098 1833 1256 1892 potest.

66 1915 177 1944 wem.
254 1896 421 1942 Habuit
459 1898 630 1944 dudum
658 1897 840 1944 Polom'a
863 1898 977 1944 viros
1001 1931 1015 1951 ,
1052 1896 1182 1944 habet
1203 1897 1249 1943 in

254 1961 466 2023 praesens,
493 1967 537 2009 ὃς
562 1981 639 2026 per
652 1965 735 2010 Dei
748 1964 933 2028 gratiam
959 1973 1114 2015 erunt,
1148 1962 1250 2010 sunt

251 2026 377 2073 nobis
403 2027 576 2092 ingenia
589 2047 679 2077 non
691 2030 830 2092 lepida
845 2064 857 2083 ,
881 2030 952 2076 sed
965 2028 1099 2075 solida
1112 2062 1125 2081 ,
1153 2044 1246 2076 non

249 2105 372 2139 acuta
385 2127 396 2146 ‚
411 2093 482 2139 sed
496 2112 577 2157 pro
590 2097 778 2143 candore
787 2096 929 2160 gentis
940 2095 1073 2147 redba,
1089 2110 1181 2140 non
1192 2094 1246 2141 ad

209 2158 214 2164 ¹
247 2159 609 2217 ostentationem,
632 2161 704 2210 sed
727 2174 947 2228 quantum
971 2177 1086 2275 ορμᾶ
1107 2160 1245 2274 eigin-

1087 2241 1140 2275 ru
1185 2241 1235 2280 a,
