1320 2490
219 121 466 165 δουβτ.
503 120 910 167 FRAGMENTA.
984 125 1079 183 265

90 204 245 248 Nemo
270 202 363 249 solo
393 202 458 249 sui
483 202 655 265 aspestu
691 216 764 250 aut
799 204 890 251 sola
912 204 1081 251 virtutis

91 268 373 315 aestimatione
395 268 532 332 vulgo
544 282 742 331 acceptus
756 305 769 323 ‚
779 265 785 269 ⁵
796 269 894 316 fifit
903 270 1078 332 praeser-

89 333 173 379 tim
197 335 244 380 in
268 334 433 397 reliqua
444 335 577 381 civilis
590 336 688 381 vitae
713 336 993 382 condimenta
1016 336 1083 383 in-

91 399 311 454 curiosus,
340 417 443 446 nam
465 400 583 447 secus
607 401 671 446 fit.
712 402 868 448 Comis
899 418 941 447 es
964 401 1053 448 aIiis
1069 435 1083 455 ,

94 467 137 511 δί
151 466 352 512 amicitiae
376 464 586 512 studiosus
598 466 744 512 alienae
759 501 770 520 ,
796 483 945 516 comes
960 479 1088 514 erunt

91 530 161 576 alii
186 531 289 584 tibi,
329 534 372 577 δε
401 531 532 577 fimul
554 545 598 578 te
621 532 856 585 amabunt,
895 532 1086 579 honoras

86 595 224 657 alios?
265 595 460 659 teipsum
486 597 695 644 honorari
716 595 841 643 tacite
867 597 1055 645 infinuas
1071 632 1087 652 ,

45 669 47 672 ⁴
94 661 203 708 chm
226 662 328 709 tales
352 663 437 708 effe
455 663 559 710 alios
588 680 688 726 erga
711 676 755 709 te
767 663 920 717 doces,
950 664 1089 726 qualis

93 728 183 790 ipse
202 728 251 775 in
275 728 380 776 ah'os
406 745 473 782 es,
505 741 579 775 aut
590 730 713 776 cultu
737 728 948 776 studiosus
963 763 977 782 ‚
1015 740 1099 776 aut·

93 794 212 841 secus
228 794 470 858 negligens.
487 795 644 841 Comis
658 796 841 857 inquam
854 795 906 841 fis
921 798 965 842 &
980 811 1088 842 con-

94 860 213 906 νίέὶι]
235 877 440 907 amoenus
454 894 467 913 ,
503 860 576 906 sed
590 877 645 906 ne
655 860 1083 907 satietateminducas

96 941 188 989 quo
200 926 392 972 valorem
420 926 645 972 dffiorum
670 926 936 988 &tuiipsius
960 927 1092 973 amit-

95 1004 155 1038 tas
169 1026 182 1045 ‚
211 1004 311 1038 tum
337 1008 392 1037 ne
403 992 448 1037 id
461 992 698 1038 exlevitate
720 1005 793 1038 aut
805 993 931 1038 obvia
953 992 1091 1038 facili-

40 1079 41 1082 *
94 1069 181 1104 tate
195 1092 208 1110 ,
232 1057 305 1104 sed
328 1058 473 1119 potius
495 1073 600 1104 cum
621 1059 826 1121 gravitate
847 1059 893 1103 in
907 1058 1093 1121 gratiam

35 1144 38 1146 ’
96 1124 270 1169 alterius
294 1122 465 1169 fafflmm
487 1124 654 1176 veniat,
681 1125 799 1170 unde
822 1124 962 1187 magis
984 1124 1091 1169 aesti-

97 1189 289 1235 mabitur
302 1190 511 1243 comitas,
541 1190 661 1235 velut
685 1206 740 1235 ex
752 1189 924 1242 abdito,
954 1192 996 1236 ὃ(
1010 1205 1093 1252 pro

97 1255 303 1319 singulari
348 1255 496 1301 favore
529 1256 697 1318 parcius
734 1254 1062 1302 communicata
1077 1289 1093 1308 ,

36 1325 37 1330 ’
94 1337 189 1367 non
213 1321 494 1384 prodigaliter
513 1322 709 1383 projefta
734 1325 778 1368 ὃς
803 1320 959 1374 effufa5
1002 1324 1096 1367 Ge-

93 1388 244 1433 stuum
258 1387 366 1432 item
379 1398 478 1432 tum
491 1387 730 1433 verborum
758 1402 848 1432 non
859 1386 912 1432 fis
927 1386 1094 1433 nimius

98 1452 278 1506 censor,
302 1453 453 1499 omnia
462 1468 613 1498 rerum
628 1464 860 1499 momenta
869 1452 987 1514 quafi
1002 1468 1097 1498 non

99 1518 152 1563 ad
166 1518 365 1582 regulam
379 1518 579 1564 amicitiae
598 1519 932 1565 accommodata
943 1533 1095 1567 moro-

98 1581 143 1631 se
159 1583 205 1629 in
218 1583 428 1631 offensam
439 1585 654 1630 traffurus
669 1619 681 1636 ,
708 1584 781 1629 sed
793 1584 940 1645 potius
964 1581 1100 1628 solida

102 1651 147 1695 in
169 1651 315 1695 amico
339 1650 622 1712 ponderabis,
648 1649 788 1694 inania
812 1649 1005 1696 omittes.
1043 1651 1099 1695 In

100 1716 271 1778 reliquo
302 1714 453 1761 omnia
475 1714 547 1760 seu
573 1726 822 1768 amaturus,
848 1714 920 1759 seu
948 1712 1101 1759 osurus

104 1798 198 1828 cum
205 1786 409 1844 gravitate
422 1780 550 1826 facies
565 1815 577 1833 ‚
594 1781 718 1841 cujus
732 1797 779 1826 ea
791 1781 849 1825 est
862 1780 923 1825 vis
937 1814 948 1832 ‚
964 1791 1014 1825 ut
1027 1779 1100 1825 seu

104 1848 300 1894 amicum
329 1846 564 1893 laudaveris
580 1881 591 1900 ‚
619 1846 762 1907 majus
787 1845 907 1891 verbi
930 1845 983 1890 fit
1002 1861 1102 1908 pre-

104 1914 248 1967 tium,
285 1913 359 1959 seu
385 1912 699 1974 reprehendas,
737 1925 856 1958 extra
889 1910 1103 1957 offensam

106 1990 256 2026 tamen
291 1979 406 2025 di&a
430 1979 687 2030 audiantur,
715 1978 824 2024 dum
848 1978 1035 2055 graviter
1059 1979 1106 2023 ὅτ,

106 2044 217 2091 seri&
243 2045 386 2107 potius
411 2044 513 2090 facis
533 2061 668 2107 quam
689 2041 866 2097 ace-rbe,
892 2043 962 2089 hv
965 2040 1039 2089 er&
1055 2041 1109 2087 ad

113 2109 325 2157 affedkum
361 2127 459 2156 rem
487 2111 731 2163 vocaveris,
767 2121 942 2162 totum,
979 2107 1109 2170 quid-

114 2176 453 2242 quidparvum‚
476 2193 749 2241 magnumve
779 2176 932 2238 (dicu.
959 2187 1032 2220 aut
1045 2171 1109 2217 fa-

549 2215 645 2289 UM
682 2259 715 2302 4
997 2238 1108 2295 stu)
