<?xml version="1.0" encoding="UTF-8"?>
<!DOCTYPE html PUBLIC "-//W3C//DTD XHTML 1.0 Transitional//EN"
    "http://www.w3.org/TR/xhtml1/DTD/xhtml1-transitional.dtd">
<html xmlns="http://www.w3.org/1999/xhtml" xml:lang="en" lang="en">
 <head>
  <title>
</title>
<meta http-equiv="Content-Type" content="text/html;charset=utf-8" />
  <meta name='ocr-system' content='tesseract 3.04.00' />
  <meta name='ocr-capabilities' content='ocr_page ocr_carea ocr_par ocr_line ocrx_word'/>
</head>
<body>
  <div class='ocr_page' id='page_1' title='image "./andreaemaximilia00fred_0038.png"; bbox 0 0 1320 2490; ppageno 0'>
   <div class='ocr_carea' id='block_1_1' title="bbox 235 136 1130 190">
    <p class='ocr_par' dir='ltr' id='par_1_1' title="bbox 235 136 1130 190">
     <span class='ocr_line' id='line_1_1' title="bbox 235 136 1130 190; baseline -0.013 1"><span class='ocrx_word' id='word_1_1' title='bbox 235 142 295 190; x_wconf 87' lang='lat'>28</span> <span class='ocrx_word' id='word_1_2' title='bbox 366 142 638 187; x_wconf 60' lang='lat' dir='ltr'>Annam:</span> <span class='ocrx_word' id='word_1_3' title='bbox 674 138 828 182; x_wconf 74' lang='lat' dir='ltr'><strong>MAX.</strong></span> <span class='ocrx_word' id='word_1_4' title='bbox 868 136 1130 183; x_wconf 67' lang='lat' dir='ltr'>FREDR-o,</span> 
     </span>
    </p>
   </div>
   <div class='ocr_carea' id='block_1_2' title="bbox 217 225 1232 2336">
    <p class='ocr_par' dir='ltr' id='par_1_2' title="bbox 217 225 1232 2336">
     <span class='ocr_line' id='line_1_2' title="bbox 229 225 1226 292; baseline -0.002 -16"><span class='ocrx_word' id='word_1_5' title='bbox 229 246 362 283; x_wconf 87' lang='lat' dir='ltr'>narn,</span> <span class='ocrx_word' id='word_1_6' title='bbox 384 235 400 290; x_wconf 91' lang='lat'>(</span> <span class='ocrx_word' id='word_1_7' title='bbox 426 247 445 286; x_wconf 73' lang='lat'>3</span> <span class='ocrx_word' id='word_1_8' title='bbox 482 233 654 292; x_wconf 79' lang='lat' dir='ltr'>Regum,</span> <span class='ocrx_word' id='word_1_9' title='bbox 674 228 788 292; x_wconf 81' lang='lat' dir='ltr'><em>Cap.</em></span> <span class='ocrx_word' id='word_1_10' title='bbox 806 227 847 274; x_wconf 84' lang='lat' dir='ltr'>X</span> <span class='ocrx_word' id='word_1_11' title='bbox 861 234 881 272; x_wconf 86' lang='lat' dir='ltr'><em>I</em></span> <span class='ocrx_word' id='word_1_12' title='bbox 900 229 951 274; x_wconf 82' lang='lat' dir='ltr'>V.</span> <span class='ocrx_word' id='word_1_13' title='bbox 967 227 988 290; x_wconf 85' lang='lat'><em>)</em></span> <span class='ocrx_word' id='word_1_14' title='bbox 1007 225 1226 275; x_wconf 81' lang='lat' dir='ltr'>Mundabo</span> 
     </span>
     <span class='ocr_line' id='line_1_3' title="bbox 229 291 1226 358; baseline -0.003 -14"><span class='ocrx_word' id='word_1_15' title='bbox 229 299 417 355; x_wconf 70' lang='lat' dir='ltr'>reliquias</span> <span class='ocrx_word' id='word_1_16' title='bbox 433 293 572 341; x_wconf 72' lang='lat' dir='ltr'>domm</span> <span class='ocrx_word' id='word_1_17' title='bbox 599 291 838 355; x_wconf 58' lang='lat' dir='ltr'>fferoboam</span> <span class='ocrx_word' id='word_1_18' title='bbox 846 294 946 358; x_wconf 79' lang='lat' dir='ltr'>ficut</span> <span class='ocrx_word' id='word_1_19' title='bbox 957 294 1151 341; x_wconf 75' lang='lat' dir='ltr'>mundari</span> <span class='ocrx_word' id='word_1_20' title='bbox 1159 294 1226 357; x_wconf 84' lang='lat' dir='ltr'>so-</span> 
     </span>
     <span class='ocr_line' id='line_1_4' title="bbox 229 357 1226 425; baseline -0.004 -16"><span class='ocrx_word' id='word_1_21' title='bbox 229 366 283 410; x_wconf 81' lang='lat' dir='ltr'>let</span> <span class='ocrx_word' id='word_1_22' title='bbox 296 357 428 425; x_wconf 66' lang='lat' dir='ltr'>fimm</span> <span class='ocrx_word' id='word_1_23' title='bbox 439 359 554 425; x_wconf 83' lang='lat' dir='ltr'>usque</span> <span class='ocrx_word' id='word_1_24' title='bbox 564 361 619 406; x_wconf 83' lang='lat' dir='ltr'>ad</span> <span class='ocrx_word' id='word_1_25' title='bbox 629 373 772 420; x_wconf 80' lang='lat' dir='ltr'><em>purum</em></span> <span class='ocrx_word' id='word_1_26' title='bbox 785 398 800 417; x_wconf 84' lang='grc'>,</span> <span class='ocrx_word' id='word_1_27' title='bbox 821 364 887 424; x_wconf 84' lang='lat' dir='ltr'>qui</span> <span class='ocrx_word' id='word_1_28' title='bbox 902 364 1047 407; x_wconf 78' lang='lat' dir='ltr'>mortui</span> <span class='ocrx_word' id='word_1_29' title='bbox 1066 361 1226 423; x_wconf 78' lang='lat' dir='ltr'>fuerint</span> 
     </span>
     <span class='ocr_line' id='line_1_5' title="bbox 229 425 1219 490; baseline -0.003 -16"><span class='ocrx_word' id='word_1_30' title='bbox 229 427 281 476; x_wconf 78' lang='lat' dir='ltr'>de</span> <span class='ocrx_word' id='word_1_31' title='bbox 289 425 518 490; x_wconf 70' lang='lat' dir='ltr'>Jeroboam</span> <span class='ocrx_word' id='word_1_32' title='bbox 533 427 575 471; x_wconf 81' lang='lat' dir='ltr'>in</span> <span class='ocrx_word' id='word_1_33' title='bbox 598 425 780 479; x_wconf 72' lang='lat' dir='ltr'>civitate,</span> <span class='ocrx_word' id='word_1_34' title='bbox 793 425 992 473; x_wconf 82' lang='lat' dir='ltr'>comedent</span> <span class='ocrx_word' id='word_1_35' title='bbox 1003 443 1063 474; x_wconf 86' lang='lat' dir='ltr'>eos</span> <span class='ocrx_word' id='word_1_36' title='bbox 1078 444 1192 474; x_wconf 85' lang='lat' dir='ltr'>canes</span> <span class='ocrx_word' id='word_1_37' title='bbox 1206 460 1219 478; x_wconf 92' lang='lat'><em>,</em></span> 
     </span>
     <span class='ocr_line' id='line_1_6' title="bbox 229 490 1227 558; baseline 0 -19"><span class='ocrx_word' id='word_1_38' title='bbox 229 500 298 558; x_wconf 79' lang='lat' dir='ltr'>qui</span> <span class='ocrx_word' id='word_1_39' title='bbox 325 505 465 540; x_wconf 85' lang='lat' dir='ltr'>autem</span> <span class='ocrx_word' id='word_1_40' title='bbox 492 494 642 540; x_wconf 76' lang='lat' dir='ltr'>mortui</span> <span class='ocrx_word' id='word_1_41' title='bbox 679 490 832 553; x_wconf 81' lang='lat' dir='ltr'>fuerint</span> <span class='ocrx_word' id='word_1_42' title='bbox 873 495 916 538; x_wconf 86' lang='lat' dir='ltr'>in</span> <span class='ocrx_word' id='word_1_43' title='bbox 943 510 1040 556; x_wconf 83' lang='lat' dir='ltr'>agro</span> <span class='ocrx_word' id='word_1_44' title='bbox 1057 521 1069 543; x_wconf 81' lang='lat'>,</span> <span class='ocrx_word' id='word_1_45' title='bbox 1105 507 1227 539; x_wconf 78' lang='grc' dir='ltr'><em>νονα-</em></span> 
     </span>
     <span class='ocr_line' id='line_1_7' title="bbox 229 556 1232 624; baseline 0 -18"><span class='ocrx_word' id='word_1_46' title='bbox 229 559 328 606; x_wconf 82' lang='lat' dir='ltr'>bunt</span> <span class='ocrx_word' id='word_1_47' title='bbox 340 576 402 607; x_wconf 87' lang='lat' dir='ltr'>eos</span> <span class='ocrx_word' id='word_1_48' title='bbox 413 573 511 606; x_wconf 63' lang='lat' dir='ltr'>aves</span> <span class='ocrx_word' id='word_1_49' title='bbox 523 559 633 617; x_wconf 60' lang='lat' dir='ltr'>coeli„</span> <span class='ocrx_word' id='word_1_50' title='bbox 646 563 738 609; x_wconf 55' lang='grc' dir='ltr'>φτ.</span> <span class='ocrx_word' id='word_1_51' title='bbox 758 558 830 604; x_wconf 89' lang='lat' dir='ltr'>Sic</span> <span class='ocrx_word' id='word_1_52' title='bbox 845 558 1086 624; x_wconf 88' lang='lat' dir='ltr'>Jeroboam</span> <span class='ocrx_word' id='word_1_53' title='bbox 1099 593 1112 612; x_wconf 92' lang='lat'>,</span> <span class='ocrx_word' id='word_1_54' title='bbox 1127 556 1232 622; x_wconf 76' lang='lat' dir='ltr'>quo-</span> 
     </span>
     <span class='ocr_line' id='line_1_8' title="bbox 227 622 1219 690; baseline -0.001 -18"><span class='ocrx_word' id='word_1_55' title='bbox 227 625 370 690; x_wconf 81' lang='lat' dir='ltr'>magis</span> <span class='ocrx_word' id='word_1_56' title='bbox 383 626 572 688; x_wconf 88' lang='lat' dir='ltr'>prudens</span> <span class='ocrx_word' id='word_1_57' title='bbox 584 625 756 672; x_wconf 86' lang='lat' dir='ltr'>videtur</span> <span class='ocrx_word' id='word_1_58' title='bbox 767 624 846 670; x_wconf 89' lang='lat' dir='ltr'>fibi</span> <span class='ocrx_word' id='word_1_59' title='bbox 861 662 876 681; x_wconf 86' lang='lat'><em>,</em></span> <span class='ocrx_word' id='word_1_60' title='bbox 900 622 954 671; x_wconf 72' lang='lat' dir='ltr'>eo</span> <span class='ocrx_word' id='word_1_61' title='bbox 980 625 1120 688; x_wconf 85' lang='lat' dir='ltr'>magis</span> <span class='ocrx_word' id='word_1_62' title='bbox 1134 626 1219 671; x_wconf 91' lang='lat' dir='ltr'>im-</span> 
     </span>
     <span class='ocr_line' id='line_1_9' title="bbox 225 690 1221 754; baseline 0.001 -18"><span class='ocrx_word' id='word_1_63' title='bbox 225 692 418 754; x_wconf 86' lang='lat' dir='ltr'>prudens</span> <span class='ocrx_word' id='word_1_64' title='bbox 431 690 570 736; x_wconf 67' lang='lat' dir='ltr'>fastus</span> <span class='ocrx_word' id='word_1_65' title='bbox 583 693 697 737; x_wconf 91' lang='lat' dir='ltr'>Deo.</span> <span class='ocrx_word' id='word_1_66' title='bbox 739 691 841 737; x_wconf 87' lang='lat' dir='ltr'>Nec</span> <span class='ocrx_word' id='word_1_67' title='bbox 853 691 1146 737; x_wconf 89' lang='lat' dir='ltr'>dubitandum</span> <span class='ocrx_word' id='word_1_68' title='bbox 1161 725 1173 744; x_wconf 91' lang='lat'><strong><em>,</em></strong></span> <span class='ocrx_word' id='word_1_69' title='bbox 1189 691 1221 737; x_wconf 92' lang='lat' dir='ltr'>fi</span> 
     </span>
     <span class='ocr_line' id='line_1_10' title="bbox 223 754 1232 820; baseline -0.001 -17"><span class='ocrx_word' id='word_1_70' title='bbox 223 756 573 803; x_wconf 79' lang='lat' dir='ltr'>i&#39;lliDivinorum</span> <span class='ocrx_word' id='word_1_71' title='bbox 595 756 742 820; x_wconf 88' lang='lat' dir='ltr'>potior</span> <span class='ocrx_word' id='word_1_72' title='bbox 766 754 902 819; x_wconf 63' lang='lat' dir='ltr'>quzim</span> <span class='ocrx_word' id='word_1_73' title='bbox 929 756 1232 803; x_wconf 64' lang='lat' dir='ltr'>Politicorum,</span> 
     </span>
     <span class='ocr_line' id='line_1_11' title="bbox 224 822 1222 885; baseline -0.001 -16"><span class='ocrx_word' id='word_1_74' title='bbox 224 823 374 869; x_wconf 80' lang='lat' dir='ltr'>fuisset</span> <span class='ocrx_word' id='word_1_75' title='bbox 385 839 488 869; x_wconf 87' lang='lat' dir='ltr'>cura</span> <span class='ocrx_word' id='word_1_76' title='bbox 501 826 545 870; x_wconf 65' lang='grc' dir='ltr'>ὃς</span> <span class='ocrx_word' id='word_1_77' title='bbox 557 823 776 885; x_wconf 70' lang='lat' dir='ltr'>respe6³ms</span> <span class='ocrx_word' id='word_1_78' title='bbox 790 856 803 876; x_wconf 93' lang='lat'>,</span> <span class='ocrx_word' id='word_1_79' title='bbox 829 822 976 869; x_wconf 85' lang='lat' dir='ltr'>secura</span> <span class='ocrx_word' id='word_1_80' title='bbox 988 822 1065 868; x_wconf 90' lang='lat' dir='ltr'>fibi</span> <span class='ocrx_word' id='word_1_81' title='bbox 1084 826 1130 869; x_wconf 83' lang='lat'>&amp;</span> <span class='ocrx_word' id='word_1_82' title='bbox 1140 839 1222 885; x_wconf 89' lang='lat' dir='ltr'>po-</span> 
     </span>
     <span class='ocr_line' id='line_1_12' title="bbox 226 888 1210 952; baseline -0.001 -16"><span class='ocrx_word' id='word_1_83' title='bbox 226 888 346 936; x_wconf 86' lang='lat' dir='ltr'>steris</span> <span class='ocrx_word' id='word_1_84' title='bbox 382 888 427 934; x_wconf 90' lang='lat' dir='ltr'>in</span> <span class='ocrx_word' id='word_1_85' title='bbox 452 888 611 936; x_wconf 79' lang='lat' dir='ltr'>multas</span> <span class='ocrx_word' id='word_1_86' title='bbox 647 900 787 935; x_wconf 86' lang='lat' dir='ltr'>aetates</span> <span class='ocrx_word' id='word_1_87' title='bbox 819 889 1000 952; x_wconf 74' lang='lat' dir='ltr'>parasset</span> <span class='ocrx_word' id='word_1_88' title='bbox 1032 888 1210 951; x_wconf 84' lang='lat' dir='ltr'>sceptra.</span> 
     </span>
     <span class='ocr_line' id='line_1_13' title="bbox 225 953 1222 1018; baseline 0 -18"><span class='ocrx_word' id='word_1_89' title='bbox 225 953 514 1000; x_wconf 80' lang='lat' dir='ltr'>Succenseant</span> <span class='ocrx_word' id='word_1_90' title='bbox 526 971 644 1001; x_wconf 89' lang='lat' dir='ltr'>nunc</span> <span class='ocrx_word' id='word_1_91' title='bbox 655 954 816 1017; x_wconf 86' lang='lat' dir='ltr'>aliqui,</span> <span class='ocrx_word' id='word_1_92' title='bbox 841 954 960 1000; x_wconf 68' lang='lat' dir='ltr'>fasto</span> <span class='ocrx_word' id='word_1_93' title='bbox 985 954 1125 1018; x_wconf 84' lang='lat' dir='ltr'>Regis</span> <span class='ocrx_word' id='word_1_94' title='bbox 1140 971 1222 1000; x_wconf 91' lang='lat' dir='ltr'>no·</span> 
     </span>
     <span class='ocr_line' id='line_1_14' title="bbox 224 1019 1220 1084; baseline -0.001 -17"><span class='ocrx_word' id='word_1_95' title='bbox 224 1020 298 1067; x_wconf 86' lang='lat' dir='ltr'>stri</span> <span class='ocrx_word' id='word_1_96' title='bbox 312 1019 515 1066; x_wconf 77' lang='lat' dir='ltr'>Vladjssai</span> <span class='ocrx_word' id='word_1_97' title='bbox 525 1020 762 1084; x_wconf 81' lang='lat' dir='ltr'>Jagellonis</span> <span class='ocrx_word' id='word_1_98' title='bbox 777 1055 789 1073; x_wconf 92' lang='lat'>‚</span> <span class='ocrx_word' id='word_1_99' title='bbox 816 1021 893 1083; x_wconf 87' lang='lat' dir='ltr'>qui</span> <span class='ocrx_word' id='word_1_100' title='bbox 909 1019 1220 1066; x_wconf 85' lang='lat' dir='ltr'>Bohemorum</span> 
     </span>
     <span class='ocr_line' id='line_1_15' title="bbox 223 1085 1223 1150; baseline -0.001 -18"><span class='ocrx_word' id='word_1_101' title='bbox 223 1102 419 1150; x_wconf 87' lang='lat' dir='ltr'>regnum</span> <span class='ocrx_word' id='word_1_102' title='bbox 442 1085 645 1132; x_wconf 84' lang='lat' dir='ltr'>oblatum</span> <span class='ocrx_word' id='word_1_103' title='bbox 670 1086 747 1132; x_wconf 90' lang='lat' dir='ltr'>fibi</span> <span class='ocrx_word' id='word_1_104' title='bbox 772 1085 932 1132; x_wconf 82' lang='lat' dir='ltr'>habere</span> <span class='ocrx_word' id='word_1_105' title='bbox 956 1085 1100 1132; x_wconf 87' lang='lat' dir='ltr'>noluit</span> <span class='ocrx_word' id='word_1_106' title='bbox 1115 1120 1128 1139; x_wconf 87' lang='lat'>,</span> <span class='ocrx_word' id='word_1_107' title='bbox 1167 1102 1223 1131; x_wconf 81' lang='lat' dir='ltr'>ex</span> 
     </span>
     <span class='ocr_line' id='line_1_16' title="bbox 225 1150 1221 1216; baseline 0 -18"><span class='ocrx_word' id='word_1_108' title='bbox 225 1169 279 1198; x_wconf 84' lang='lat' dir='ltr'>eo</span> <span class='ocrx_word' id='word_1_109' title='bbox 292 1152 415 1216; x_wconf 88' lang='lat' dir='ltr'>quod</span> <span class='ocrx_word' id='word_1_110' title='bbox 438 1151 721 1214; x_wconf 72' lang='lat' dir='ltr'>dogmatibus</span> <span class='ocrx_word' id='word_1_111' title='bbox 747 1152 984 1198; x_wconf 84' lang='lat' dir='ltr'>Husfitanae</span> <span class='ocrx_word' id='word_1_112' title='bbox 997 1150 1221 1216; x_wconf 84' lang='lat' dir='ltr'>religionis</span> 
     </span>
     <span class='ocr_line' id='line_1_17' title="bbox 223 1216 1220 1270; baseline 0 -6"><span class='ocrx_word' id='word_1_113' title='bbox 223 1227 422 1264; x_wconf 85' lang='lat' dir='ltr'>recenter</span> <span class='ocrx_word' id='word_1_114' title='bbox 435 1217 598 1264; x_wconf 65' lang='lat' dir='ltr'>iiife&amp;a</span> <span class='ocrx_word' id='word_1_115' title='bbox 632 1218 735 1264; x_wconf 82' lang='lat' dir='ltr'>effet</span> <span class='ocrx_word' id='word_1_116' title='bbox 769 1217 1011 1270; x_wconf 81' lang='lat' dir='ltr'>Bohemia‚</span> <span class='ocrx_word' id='word_1_117' title='bbox 1049 1234 1106 1263; x_wconf 91' lang='lat' dir='ltr'>ne</span> <span class='ocrx_word' id='word_1_118' title='bbox 1129 1216 1220 1264; x_wconf 90' lang='lat' dir='ltr'>fors</span> 
     </span>
     <span class='ocr_line' id='line_1_18' title="bbox 222 1282 1216 1347; baseline 0 -18"><span class='ocrx_word' id='word_1_119' title='bbox 222 1283 472 1346; x_wconf 69' lang='lat' dir='ltr'>adjecstione</span> <span class='ocrx_word' id='word_1_120' title='bbox 495 1285 598 1330; x_wconf 86' lang='lat' dir='ltr'>novi</span> <span class='ocrx_word' id='word_1_121' title='bbox 632 1284 758 1347; x_wconf 84' lang='lat' dir='ltr'>regni</span> <span class='ocrx_word' id='word_1_122' title='bbox 783 1286 828 1331; x_wconf 84' lang='lat'>&amp;</span> <span class='ocrx_word' id='word_1_123' title='bbox 854 1282 1144 1330; x_wconf 81' lang='lat' dir='ltr'>familiaritate</span> <span class='ocrx_word' id='word_1_124' title='bbox 1165 1300 1216 1329; x_wconf 90' lang='lat' dir='ltr'>u-</span> 
     </span>
     <span class='ocr_line' id='line_1_19' title="bbox 222 1348 1232 1413; baseline -0.001 -18"><span class='ocrx_word' id='word_1_125' title='bbox 222 1349 418 1413; x_wconf 83' lang='lat' dir='ltr'>triusque</span> <span class='ocrx_word' id='word_1_126' title='bbox 443 1350 632 1412; x_wconf 81' lang='lat' dir='ltr'>populi,</span> <span class='ocrx_word' id='word_1_127' title='bbox 654 1348 717 1395; x_wconf 86' lang='lat' dir='ltr'>sui</span> <span class='ocrx_word' id='word_1_128' title='bbox 744 1350 902 1396; x_wconf 87' lang='lat' dir='ltr'>Poloni</span> <span class='ocrx_word' id='word_1_129' title='bbox 929 1350 975 1395; x_wconf 91' lang='lat' dir='ltr'>in</span> <span class='ocrx_word' id='word_1_130' title='bbox 1000 1352 1232 1395; x_wconf 66' lang='lat' dir='ltr'>Romanae</span> 
     </span>
     <span class='ocr_line' id='line_1_20' title="bbox 222 1413 1220 1477; baseline -0.001 -16"><span class='ocrx_word' id='word_1_131' title='bbox 222 1414 328 1461; x_wconf 88' lang='lat' dir='ltr'>fidei</span> <span class='ocrx_word' id='word_1_132' title='bbox 343 1415 517 1461; x_wconf 86' lang='lat' dir='ltr'>cultum</span> <span class='ocrx_word' id='word_1_133' title='bbox 534 1413 633 1460; x_wconf 55' lang='lat' dir='ltr'>alitis</span> <span class='ocrx_word' id='word_1_134' title='bbox 648 1415 913 1461; x_wconf 82' lang='lat' dir='ltr'>devotiffimi</span> <span class='ocrx_word' id='word_1_135' title='bbox 929 1452 944 1471; x_wconf 84' lang='lat'><em>‚</em></span> <span class='ocrx_word' id='word_1_136' title='bbox 968 1431 1016 1461; x_wconf 74' lang='lat' dir='ltr'>ea</span> <span class='ocrx_word' id='word_1_137' title='bbox 1026 1416 1142 1477; x_wconf 86' lang='lat' dir='ltr'>peste</span> <span class='ocrx_word' id='word_1_138' title='bbox 1153 1415 1220 1460; x_wconf 90' lang='lat' dir='ltr'>in-</span> 
     </span>
     <span class='ocr_line' id='line_1_21' title="bbox 221 1480 1220 1544; baseline -0.002 -18"><span class='ocrx_word' id='word_1_139' title='bbox 221 1480 457 1527; x_wconf 81' lang='lat' dir='ltr'>ficerentur</span> <span class='ocrx_word' id='word_1_140' title='bbox 481 1515 494 1534; x_wconf 90' lang='lat'><em>,</em></span> <span class='ocrx_word' id='word_1_141' title='bbox 532 1493 797 1544; x_wconf 73' lang='lat' dir='ltr'>quapropter</span> <span class='ocrx_word' id='word_1_142' title='bbox 821 1481 925 1526; x_wconf 68' lang='lat' dir='ltr'>fasti</span> <span class='ocrx_word' id='word_1_143' title='bbox 949 1497 1040 1526; x_wconf 87' lang='lat' dir='ltr'>non</span> <span class='ocrx_word' id='word_1_144' title='bbox 1075 1481 1220 1543; x_wconf 83' lang='lat' dir='ltr'>ingra-</span> 
     </span>
     <span class='ocr_line' id='line_1_22' title="bbox 222 1544 1217 1599; baseline -0.001 -7"><span class='ocrx_word' id='word_1_145' title='bbox 222 1557 293 1593; x_wconf 87' lang='lat' dir='ltr'>tus</span> <span class='ocrx_word' id='word_1_146' title='bbox 305 1549 427 1593; x_wconf 90' lang='lat' dir='ltr'>Deus</span> <span class='ocrx_word' id='word_1_147' title='bbox 442 1581 453 1599; x_wconf 95' lang='lat'>‚</span> <span class='ocrx_word' id='word_1_148' title='bbox 479 1558 548 1593; x_wconf 88' lang='lat' dir='ltr'>tot</span> <span class='ocrx_word' id='word_1_149' title='bbox 571 1548 632 1593; x_wconf 89' lang='lat' dir='ltr'>illi</span> <span class='ocrx_word' id='word_1_150' title='bbox 646 1547 691 1593; x_wconf 90' lang='lat' dir='ltr'>in</span> <span class='ocrx_word' id='word_1_151' title='bbox 703 1546 802 1593; x_wconf 87' lang='lat' dir='ltr'>suos</span> <span class='ocrx_word' id='word_1_152' title='bbox 826 1544 1083 1592; x_wconf 82' lang='lat' dir='ltr'>adversarios</span> <span class='ocrx_word' id='word_1_153' title='bbox 1111 1561 1217 1591; x_wconf 85' lang='lat' dir='ltr'>con-</span> 
     </span>
     <span class='ocr_line' id='line_1_23' title="bbox 218 1610 1219 1675; baseline -0.002 -17"><span class='ocrx_word' id='word_1_154' title='bbox 218 1613 323 1658; x_wconf 77' lang='lat' dir='ltr'>·tuh‘t</span> <span class='ocrx_word' id='word_1_155' title='bbox 333 1613 535 1659; x_wconf 62' lang='lat' dir='ltr'>vicfftorias</span> <span class='ocrx_word' id='word_1_156' title='bbox 550 1647 563 1666; x_wconf 86' lang='lat'>‚</span> <span class='ocrx_word' id='word_1_157' title='bbox 588 1625 638 1660; x_wconf 86' lang='lat' dir='ltr'>ut</span> <span class='ocrx_word' id='word_1_158' title='bbox 650 1612 810 1675; x_wconf 84' lang='lat' dir='ltr'>partim</span> <span class='ocrx_word' id='word_1_159' title='bbox 822 1611 1048 1659; x_wconf 74' lang='lat' dir='ltr'>securitate</span> <span class='ocrx_word' id='word_1_160' title='bbox 1060 1610 1219 1657; x_wconf 87' lang='lat' dir='ltr'>Poloni</span> 
     </span>
     <span class='ocr_line' id='line_1_24' title="bbox 222 1676 1216 1742; baseline -0.001 -18"><span class='ocrx_word' id='word_1_161' title='bbox 222 1678 374 1742; x_wconf 86' lang='lat' dir='ltr'>Regni</span> <span class='ocrx_word' id='word_1_162' title='bbox 387 1713 399 1732; x_wconf 91' lang='lat'>,</span> <span class='ocrx_word' id='word_1_163' title='bbox 425 1679 586 1741; x_wconf 74' lang='lat' dir='ltr'>partim</span> <span class='ocrx_word' id='word_1_164' title='bbox 599 1679 665 1741; x_wconf 86' lang='lat' dir='ltr'>adj</span> <span class='ocrx_word' id='word_1_165' title='bbox 673 1678 846 1724; x_wconf 70' lang='lat' dir='ltr'>efflone</span> <span class='ocrx_word' id='word_1_166' title='bbox 858 1681 903 1725; x_wconf 85' lang='lat'>&amp;</span> <span class='ocrx_word' id='word_1_167' title='bbox 916 1677 1061 1741; x_wconf 88' lang='lat' dir='ltr'>spoliis</span> <span class='ocrx_word' id='word_1_168' title='bbox 1074 1676 1216 1723; x_wconf 73' lang='lat' dir='ltr'>vitsto-</span> 
     </span>
     <span class='ocr_line' id='line_1_25' title="bbox 220 1743 1216 1807; baseline -0.003 -16"><span class='ocrx_word' id='word_1_169' title='bbox 220 1758 328 1791; x_wconf 80' lang='lat' dir='ltr'>rum</span> <span class='ocrx_word' id='word_1_170' title='bbox 350 1745 655 1807; x_wconf 87' lang='lat' dir='ltr'>populorum,</span> <span class='ocrx_word' id='word_1_171' title='bbox 696 1744 931 1791; x_wconf 83' lang='lat' dir='ltr'>Bohemici</span> <span class='ocrx_word' id='word_1_172' title='bbox 966 1743 1116 1807; x_wconf 82' lang='lat' dir='ltr'>Regni</span> <span class='ocrx_word' id='word_1_173' title='bbox 1149 1758 1216 1788; x_wconf 87' lang='lat' dir='ltr'>re-</span> 
     </span>
     <span class='ocr_line' id='line_1_26' title="bbox 220 1810 1217 1874; baseline 0 -19"><span class='ocrx_word' id='word_1_174' title='bbox 220 1810 578 1873; x_wconf 73' lang='lat' dir='ltr'>compensaretur</span> <span class='ocrx_word' id='word_1_175' title='bbox 587 1812 657 1874; x_wconf 76' lang='lat' dir='ltr'>pia</span> <span class='ocrx_word' id='word_1_176' title='bbox 669 1814 713 1858; x_wconf 67' lang='grc' dir='ltr'>ὅ(</span> <span class='ocrx_word' id='word_1_177' title='bbox 726 1811 877 1857; x_wconf 88' lang='lat' dir='ltr'>volens</span> <span class='ocrx_word' id='word_1_178' title='bbox 883 1810 1056 1872; x_wconf 66' lang='lat' dir='ltr'>ja&amp;ura</span> <span class='ocrx_word' id='word_1_179' title='bbox 1071 1829 1082 1863; x_wconf 84' lang='lat'>3</span> <span class='ocrx_word' id='word_1_180' title='bbox 1103 1819 1217 1855; x_wconf 81' lang='lat' dir='ltr'>tam-</span> 
     </span>
     <span class='ocr_line' id='line_1_27' title="bbox 218 1874 1226 1940; baseline -0.003 -18"><span class='ocrx_word' id='word_1_181' title='bbox 218 1891 309 1938; x_wconf 88' lang='lat' dir='ltr'>que</span> <span class='ocrx_word' id='word_1_182' title='bbox 332 1874 415 1923; x_wconf 76' lang='lat' dir='ltr'>late</span> <span class='ocrx_word' id='word_1_183' title='bbox 452 1877 505 1922; x_wconf 86' lang='lat' dir='ltr'>ab</span> <span class='ocrx_word' id='word_1_184' title='bbox 528 1878 621 1940; x_wconf 81' lang='lat' dir='ltr'>ejus</span> <span class='ocrx_word' id='word_1_185' title='bbox 644 1876 856 1940; x_wconf 85' lang='lat' dir='ltr'>progenie</span> <span class='ocrx_word' id='word_1_186' title='bbox 890 1893 968 1940; x_wconf 87' lang='lat' dir='ltr'>per</span> <span class='ocrx_word' id='word_1_187' title='bbox 993 1878 1226 1937; x_wconf 67' lang='lat' dir='ltr'>Europam:</span> 
     </span>
     <span class='ocr_line' id='line_1_28' title="bbox 218 1940 1221 2008; baseline -0.001 -21"><span class='ocrx_word' id='word_1_188' title='bbox 218 1940 396 1988; x_wconf 78' lang='lat' dir='ltr'>diffudit</span> <span class='ocrx_word' id='word_1_189' title='bbox 418 1945 540 1990; x_wconf 84' lang='lat' dir='ltr'>Deus</span> <span class='ocrx_word' id='word_1_190' title='bbox 562 1942 780 2008; x_wconf 82' lang='lat' dir='ltr'>sanguinis</span> <span class='ocrx_word' id='word_1_191' title='bbox 805 1942 1143 2006; x_wconf 77' lang='lat' dir='ltr'>cognationem,</span> <span class='ocrx_word' id='word_1_192' title='bbox 1169 1950 1221 1986; x_wconf 84' lang='lat' dir='ltr'>ut</span> 
     </span>
     <span class='ocr_line' id='line_1_29' title="bbox 217 2005 1218 2072; baseline -0.001 -19"><span class='ocrx_word' id='word_1_193' title='bbox 217 2005 346 2071; x_wconf 78' lang='lat' dir='ltr'>supra</span> <span class='ocrx_word' id='word_1_194' title='bbox 369 2008 547 2072; x_wconf 86' lang='lat' dir='ltr'>triginta</span> <span class='ocrx_word' id='word_1_195' title='bbox 559 2010 721 2071; x_wconf 83' lang='lat' dir='ltr'>partim</span> <span class='ocrx_word' id='word_1_196' title='bbox 747 2009 945 2054; x_wconf 83' lang='lat' dir='ltr'>Romani</span> <span class='ocrx_word' id='word_1_197' title='bbox 970 2009 1218 2069; x_wconf 85' lang='lat' dir='ltr'>Imperato-</span> 
     </span>
     <span class='ocr_line' id='line_1_30' title="bbox 221 2073 1226 2138; baseline 0 -19"><span class='ocrx_word' id='word_1_198' title='bbox 221 2089 306 2126; x_wconf 85' lang='lat' dir='ltr'>res,</span> <span class='ocrx_word' id='word_1_199' title='bbox 331 2075 493 2136; x_wconf 81' lang='lat' dir='ltr'>partim</span> <span class='ocrx_word' id='word_1_200' title='bbox 517 2073 784 2122; x_wconf 63' lang='lat' dir='ltr'>diverfizrum</span> <span class='ocrx_word' id='word_1_201' title='bbox 819 2073 1023 2138; x_wconf 86' lang='lat' dir='ltr'>gentium</span> <span class='ocrx_word' id='word_1_202' title='bbox 1039 2076 1226 2136; x_wconf 73' lang='lat' dir='ltr'>Reges,</span> 
     </span>
     <span class='ocr_line' id='line_1_31' title="bbox 217 2138 1222 2205; baseline -0.003 -19"><span class='ocrx_word' id='word_1_203' title='bbox 217 2140 503 2205; x_wconf 81' lang='lat' dir='ltr'>quadraginta</span> <span class='ocrx_word' id='word_1_204' title='bbox 538 2145 584 2189; x_wconf 67' lang='grc' dir='ltr'>ὃς</span> <span class='ocrx_word' id='word_1_205' title='bbox 609 2140 810 2205; x_wconf 90' lang='lat' dir='ltr'>quinque</span> <span class='ocrx_word' id='word_1_206' title='bbox 842 2140 1004 2203; x_wconf 86' lang='lat' dir='ltr'>partim</span> <span class='ocrx_word' id='word_1_207' title='bbox 1031 2138 1222 2202; x_wconf 64' lang='lat' dir='ltr'>Imperii⁴</span> 
     </span>
     <span class='ocr_line' id='line_1_32' title="bbox 217 2199 1219 2317; baseline -0.009 -61"><span class='ocrx_word' id='word_1_208' title='bbox 217 2202 444 2257; x_wconf 62' lang='lat' dir='ltr'>Eleaoroe</span> <span class='ocrx_word' id='word_1_209' title='bbox 456 2240 481 2264; x_wconf 82' lang='lat'>,.</span> <span class='ocrx_word' id='word_1_210' title='bbox 506 2207 674 2275; x_wconf 67' lang='lat' dir='ltr'>partim</span> <span class='ocrx_word' id='word_1_211' title='bbox 706 2205 979 2259; x_wconf 86' lang='lat' dir='ltr'>Archiduces</span> <span class='ocrx_word' id='word_1_212' title='bbox 1005 2203 1173 2317; x_wconf 40' lang='lat' dir='ltr'>(vel-iffi</span> <span class='ocrx_word' id='word_1_213' title='bbox 1196 2199 1219 2249; x_wconf 72' lang='grc' dir='ltr'>ὲ</span> 
     </span>
     <span class='ocr_line' id='line_1_33' title="bbox 1037 2282 1220 2336; baseline 0.005 -19"><span class='ocrx_word' id='word_1_214' title='bbox 1037 2285 1115 2336; x_wconf 74' lang='lat' dir='ltr'>qul</span> <span class='ocrx_word' id='word_1_215' title='bbox 1147 2282 1220 2335; x_wconf 44' lang='lat' dir='ltr'>usss</span> 
     </span>
    </p>
   </div>
  </div>
 </body>
</html>
