1320 2490
235 129 345 175 S'c‘R
361 143 376 173 1
391 139 473 174 ΡΤ.
512 125 631 175 ΡΠΑ
647 144 675 174 G
690 143 813 175 ΜΕΝ
828 144 856 176 τ
871 144 916 176 A.
1012 144 1072 189 29

78 215 338 279 quibusdam
362 229 453 261 non
475 212 694 261 incuriose
719 214 854 261 hodie
874 212 1074 260 observa-

78 281 212 338 tum)
238 281 291 327 ab
315 282 408 343 ejus
436 280 736 327 descenderint
756 279 975 345 sunguine.
992 289 997 292 ’
1015 282 1076 326 Et·

78 348 185 394 tanti
198 348 257 393 est
271 346 429 393 habere
440 347 890 400 Divinorumcuram,
904 361 955 393 ac
975 345 1074 408 post

76 414 262 459 rationes
287 412 557 459 conscientiae
581 412 733 459 omnia
755 428 944 487 ponere,
980 426 1072 458 non

76 478 347 541 Principibus
373 477 528 532 modo,
543 478 614 525 sed
632 479 806 541 privatis
829 477 1077 541 quibusque

79 545 272 598 civibus,
297 557 348 591 ut
370 546 482 591 dum
505 561 585 607 pro
598 545 682 590 Dei
695 544 792 590 zelo
803 544 1014 621 perdere
994 542 1072 588 ali-

77 611 185 674 quid
198 611 424 664 videntur,
439 611 537 674 plus
549 626 604 656 ex
615 626 668 656 eo
680 610 921 662 lucrentur,
933 622 1073 672 quam

77 676 292 723 amittant.
1087 725 1092 726 ⁷

146 742 319 796 Obiter,
333 741 405 788 sed
417 742 560 788 dicere
569 753 719 788 tamen
730 740 906 803 expedit
918 758 930 793 3
946 741 1072 786 Con·

78 809 354 854 cionatorum
379 811 449 869 (δε
463 807 622 870 quibus
633 807 836 853 secretior
848 805 1072 852 conscien-

78 875 136 920 tia
162 874 367 920 Reftoris
391 874 541 936 populi
578 873 812 929 innititur)
850 888 944 918 non
975 871 1073 917 leve

80 952 367 985 momentum
381 940 513 985 ineffe
524 939 676 985 virtuti
690 972 704 992 ,
718 950 768 983 ut
778 938 855 984 seu
866 937 1072 999 Princeps

78 1006 121 1051 in
138 1005 374 1067 obliquum
387 1004 618 1050 honestatis
639 1004 759 1050 abeat
772 1038 784 1057 ,
799 1018 958 1050 eorum
969 1018 1070 1048 mo·

77 1071 180 1116 nitis
193 1070 238 1115 in
250 1071 424 1116 rec⁶cum
437 1071 667 1116 reducatur
680 1104 692 1122 ,
704 1069 779 1115 seu
791 1069 824 1114 fi
836 1069 979 1115 bonus
992 1067 1047 1113 fit
1058 1102 1083 1122 ,-

81 1152 137 1182 ne
148 1136 313 1181 labatur
335 1137 381 1181 in
405 1136 592 1189 vitium,
617 1135 669 1181 ab
694 1135 937 1181 eorundem
961 1134 1074 1179 deri-

78 1203 167 1247 vari
181 1202 418 1247 monitoria
441 1203 627 1254 virtute,
656 1201 855 1246 multum
869 1199 1071 1245 enimin-

81 1269 207 1313 terest
220 1268 500 1313 commoneri
523 1266 771 1328 Principem
797 1265 904 1310 rec'ti
928 1264 981 1310 ab
992 1265 1070 1310 ah·-

79 1349 172 1395 quo
184 1345 529 1395 purpuratorum
539 1331 610 1377 seu
625 1332 719 1377 cive
728 1331 824 1393 priv
825 1343 924 1384 ato,
950 1331 1073 1393 quod

79 1399 283 1443 ninintra
293 1398 539 1459 periculum
564 1396 738 1443 offensae
750 1397 895 1449 abeat,
922 1409 1074 1442 tamen

77 1463 386 1535 negligentiori
416 1462 669 1525 suscipietur
689 1479 791 1508 aule
826 1466 870 1509 &
894 1462 1045 1508 animo
1061 1496 1073 1515 ,

80 1526 216 1592 quern
239 1536 272 1572 11
302 1528 355 1574 ab
380 1545 538 1575 eorum
564 1529 705 1574 veniat
728 1545 804 1575 ore
815 1529 1042 1575 monitum
1059 1562 1072 1581 ,

80 1594 158 1658 qui
181 1594 245 1639 uti
258 1596 342 1640 Dei
364 1595 444 1641 sub
468 1594 608 1657 specie
621 1594 744 1641 nobis
757 1594 951 1640 salutaria
970 1593 1072 1656 sug-

79 1670 241 1723 gerunt
254 1692 265 1711 ,
302 1658 418 1706 certe
456 1673 576 1706 extra
614 1660 863 1723 periculum
900 1659 1076 1705 offensae

26 1778 29 1782 ⁴
81 1726 207 1777 sunt,
235 1725 415 1773 &altius
440 1726 565 1773 nobis
587 1726 631 1772 in
654 1726 858 1772 animum
872 1726 985 1770 dic⁰ta
999 1725 1073 1770 de-

83 1791 295 1844 mittunt,
318 1803 416 1838 tum
440 1791 678 1866 praesertim
693 1826 705 1844 ,
731 1789 840 1837 cum
862 1792 914 1837 ad
929 1807 1073 1837 corre-

82 1858 257 1902 &uram
282 1856 498 1904 velutdivi
526 1857 784 1909 monitoris,
811 1856 1072 1903 contritiab-

74 1923 256 1985 ῑίςὶῑηυε
270 1940 350 1968 nos
373 1924 553 1977 auimo,
578 1926 623 1970 δε
636 1923 796 1969 humili
808 1923 1091 1969 acclinamur‘

83 2005 215 2053 genu.
230 1986 374 2035 Κεᾶε
387 1990 462 2035 ille
472 1989 844 2036 Confefiionarius
856 1990 935 2035 suo
949 1990 1072 2035 Prin·

83 2054 194 2116 cipi,
220 2071 311 2100 non
333 2056 519 2118 jejunia,
556 2072 648 2102 non
670 2072 816 2118 preces
850 2055 1076 2130 expiandis

86 2120 253 2167 summi
276 2120 361 2167 Dei
383 2120 555 2168 offensis
578 2121 868 2185 suggerebat
858 2138 903 2168 m
927 2137 1071 2167 corre-

82 2187 280 2235 &ionem
304 2220 318 2241 ‚
363 2203 522 2235 verum
545 2188 788 2236 meliorum
813 2187 1075 2253 quorumvis

588 2255 621 2301 B
662 2259 689 2303 6
912 2252 1079 2315 autho-¹
