1320 2490
0 419 2 469 ᾖ
76 398 136 464 fit
161 400 416 465 providereq
418 398 613 447 uomodo.
647 399 781 447 audax
810 398 924 446 modo
946 397 1080 460 confer

0 743 6 764 b

233 114 474 158 Sempe
510 111 913 156 FRAGMENTA.
1020 109 1081 168 89

83 202 262 250 vincire.
296 201 569 248 Damnandae
583 199 690 248 vero
715 200 799 247 illae
814 216 957 254 voces,
976 215 1082 246 nam
1105 212 1214 250 Prius

79 269 293 321 incautae,
328 267 606 331 periculosae,
636 267 932 330 improvidae,
970 267 1123 313 Now
1092 263 1162 311 fibi
1179 274 1267 313 ΡΜ·

83 332 305 398 quotsum»
326 332 394 398 su
411 332 613 428 abisam}
639 337 763 380 Tum
775 333 860 380 1112
901 331 1080 380 Tardum
1101 330 1224 408 2ῗῖ

85 483 243 515 manm.
288 470 381 514 Aut
393 418 524 512 qdicito
538 463 987 530 v11lcmi.Animosm
1006 481 1081 528 ag-

71 532 268 598 gredere,
289 545 428 582 caetera
447 504 645 592 fortunaeb
629 534 848 578 commine-
887 528 991 578 Im&
1015 546 1082 576 ar-

85 598 288 678 guendus
333 598 406 646 ille
441 599 577 652 Dux,
624 598 702 662 qui
746 595 1082 644 contemnendis

85 680 227 728 quam
241 664 438 711 cavendis
461 664 655 711 hostibus
669 662 854 717 melior,
881 661 1078 726 provisu·

85 747 161 778 rus
176 729 324 805 potius
352 734 369 791 (
384 730 583 794 illudque
594 730 766 794 magis)
781 746 873 776 non
885 744 1080 793 quomo·

84 796 145 844 do
159 798 325 843 vincat
315 796 333 826 ἒ
356 796 430 842 sed
453 813 509 843 ne
528 797 739 844 vincatur.
775 797 940 859 Neque
959 794 1014 841 ab
1028 811 1082 840 eo

84 863 224 926 capite
248 862 483 909 confilium
503 873 656 926 petat,
693 861 927 927 quomodo
954 861 1084 908 castra

87 928 286 975 hostium
299 929 384 974 fint
397 929 719 993 oppugnanda?
758 926 1028 992 quomodo
1017 943 1084 972 m-

86 1006 238 1042 cautus
265 994 678 1041 hostisinvadendus
693 1029 706 1048 ,
743 994 988 1059 quomodo
996 993 1087 1039 acie

85 1059 432 1133 aggrediendus,
445 1059 518 1106 sed
529 1061 676 1106 volvat
686 1060 835 1107 secum
847 1059 921 1106 diu
934 1058 1085 1106 animo

86 1141 193 1172 eum
207 1143 252 1172 m
267 1127 474 1173 modum.
512 1129 636 1174 Cum
660 1126 784 1173 hoste
794 1125 998 1188 prudenti
1021 1138 1088 1169 res
1108 1123 1220 1172 confi-

91 1191 232 1245 mihi,
267 1208 414 1254 neque
435 1205 722 1238 contemnam
746 1192 840 1253 eius
864 1202 940 1237 aut
952 1189 1088 1236 moli·
1108 1175 1245 1264 ²¹⁸2.

82 1257 258 1311 tiones,
272 1269 347 1304 aut
362 1258 675 1304 diffimulatam
690 1257 962 1303 tarditatem:
1000 1259 1085 1303 Po·
1107 1240 1185 1318 {5150
1204 1228 1271 1312 ,εἰη

92 1324 178 1370 tius
192 1325 430 1386 prudenter
440 1340 469 1368 v
457 1324 652 1378 erebor,
686 1321 795 1368 cum
808 1338 945 1367 nemo
958 1321 1088 1368 citius

70 1390 353 1452 decipiatur,
380 1405 518 1452 quam
532 1389 609 1451 qui
633 1388 745 1434 nihil
768 1387 922 1440 timet,
948 1403 1088 1450 quem

89 1455 290 1516 sprevero
317 1454 603 1500 valentiorem
637 1453 905 1518 negligentia
943 1453 1085 1498 faciet

93 1523 208 1568 Puto
221 1518 325 1566 vero
340 1520 614 1566 insidiaturus
629 1521 743 1566 mihi
760 1555 773 1574 ,
798 1531 848 1565 ut
869 1519 1090 1566 inordina-

93 1598 195 1632 tum
218 1597 290 1632 aut
312 1586 469 1633 laffum
495 1602 705 1632 meorum
729 1601 890 1650 agmen
914 1586 961 1630 in
984 1584 1093 1630 saltu

93 1651 242 1714 aliquo
270 1666 348 1714 per
371 1651 522 1704 valles,
548 1650 674 1698 fossas
691 1689 706 1708 ,
738 1652 932 1704 arbusta,
968 1650 1091 1712 palu·

95 1717 224 1770 dosa,
259 1716 414 1765 vadosa
436 1716 531 1763 loca
563 1717 608 1763 in
631 1717 810 1763 transitu
847 1717 1089 1769 adoriatur3
1118 1727 1201 1764 [cer.

95 1782 330 1846 quomodo
356 1782 625 1844 providebo?
662 1783 729 1828 vel
754 1793 805 1828 ut
827 1782 986 1829 fortius'
1006 1783 1092 1828 im-

97 1861 253 1912 peturn
278 1847 535 1911 suscipiam,
571 1848 641 1894 vel
664 1865 721 1894 ne
744 1849 919 1895 coaetus
946 1865 999 1894 ex
1026 1848 1091 1894 in-

96 1914 264 1977 sperato
288 1930 514 1992 pugnem
553 1914 876 1960 consternatum
901 1914 1092 1960 militem

98 1977 342 2043 periculose
369 1980 482 2026 hosti
509 1979 810 2043 oppositurus,
849 1980 893 2026 ni
917 1978 1020 2025 vero
1048 1980 1092 2025 id

99 2061 152 2097 ex
154 2057 291 2098 emat
308 2045 452 2092 f01san
465 2046 678 2099 molitur,
714 2058 764 2092 ut
776 2063 820 2092 1n
831 2046 1092 2108 pernoctan-

102 2111 162 2157 do
190 2116 207 2173 (
222 2128 313 2175 quo
335 2112 382 2158 in
407 2111 506 2158 loco
527 2111 850 2159 iecuriffimum
864 2129 939 2158 mc
951 2125 1059 2175 puto
1074 2112 1091 2168 >-

101 2179 403 2241 praeoccupatss.
428 2178 636 2226 adventus
673 2177 736 2226 sui
762 2178 881 2226 fam-51
916 2178 1095 2256 celerius

967 2258 1095 2288 auro-
