1320 2490
220 105 309 166 368
347 106 617 149 ANDREAE
652 102 1098 149 MAx.FRE1>R0

214 190 317 235 tum
334 185 530 232 moribus
545 185 868 243 succensentem
881 219 894 239 ,
921 185 1065 233 faciles
1092 186 1218 232 vice*

214 253 332 301 versa
353 252 431 314 ipfi
455 262 506 297 ut
527 250 801 297 succenseant
834 252 1051 313 Principi,
1088 252 1202 298 diffi-

214 322 343 371 dant,
357 317 470 363 illata
484 329 713 363 morentur
723 333 804 379 pro
815 330 934 364 vetem
940 316 980 363 di
991 317 1201 372 libertate,

211 401 290 450 per
301 383 452 430 omnia
465 383 583 429 velut
595 383 822 445 speculum
848 383 1069 445 oppositos
1084 383 1204 429 colo·

212 469 304 504 res,
320 450 379 496 fic
392 448 454 494 illi
464 448 646 495 virtutes
660 465 874 503 ,amores,
888 449 1204 502 inclinationes,

212 518 344 564 etiam
363 519 464 578 (pro
477 526 627 561 natura
637 514 790 579 vulgi)
819 515 919 561 vitia
942 516 1207 579 quandoque

212 583 397 630 suorum
433 580 689 642 Principum
725 580 1039 654 repraesentant.
1094 584 1209 628 Non>

214 649 425 700 diffitear,
442 646 525 692 effe
537 646 764 708 quaedam
752 663 798 692 in
811 649 918 694 statu
932 649 1078 694 nostro
1089 648 1204 695 insti-

211 725 332 767 tuta,
368 711 421 758 ab
445 712 535 758 aliis
560 711 718 758 formis
752 713 1205 776 Rerumpublicarum
1265 711 1273 750 Ϊ

215 748 402 832 diversa,
420 775 515 824 imo
544 778 667 839 (fine
692 778 869 826 censura
891 779 1010 826 verbi
1032 781 1200 826 dietum

213 847 288 904 fit)
302 845 393 892 aliis
406 842 534 908 plane
549 845 788 898 contraria,
812 846 885 892 sed
910 846 1011 909 quia
1039 858 1197 894 natura

213 915 341 959 status
366 914 412 957 &
433 910 704 974 populorum
726 912 1061 958 accommodata
1076 949 1090 968 ‚
1123 928 1200 958 cu-

213 978 367 1026 riofius
392 978 531 1040 magis
544 974 677 1040 quam
692 994 772 1039 pro
796 979 912 1024 reeta
924 976 1199 1024 suadentium

211 1043 443 1108 prudenti-91
465 1042 760 1089 immutentur
781 1059 915 1099 ,cum
939 1043 1017 1090 nisi
1041 1043 1199 1107 invigi-

212 1111 397 1158 landum
423 1109 504 1166 fit,
527 1125 582 1155 ne
603 1108 649 1154 in
671 1110 794 1172 pejus
819 1121 1023 1174 vergant,
1050 1110 1202 1172 utique

211 1177 366 1224 iisdem
378 1175 580 1231 institutis
593 1190 698 1236 pace
712 1178 755 1222 &
769 1175 885 1222 bello
898 1176 1094 1222 stetimus
1108 1176 1200 1228 diu,

212 1259 294 1290 nec
321 1241 376 1301 (fi
387 1240 670 1314 aliquainfint
683 1241 771 1287 mal
773 1258 796 1287 a
818 1241 894 1299 )in
919 1242 1087 1306 legibus
1110 1257 1202 1287 ma-

212 1309 310 1355 lum
325 1308 433 1354 1ssud
446 1310 531 1360 est,
544 1305 675 1353 sedin
690 1306 841 1361 nobis,
867 1307 1042 1354 rosmet
1051 1305 1201 1369 potius

208 1373 476 1425 correctuii,
503 1389 559 1418 ne
569 1372 694 1418 rebus
715 1371 969 1425 abutamur,
991 1389 1126 1435 quam
1153 1383 1203 1418 ut

209 1439 400 1486 instituta
412 1441 456 1485 ὃς
469 1437 586 1502 leges
597 1438 880 1500 corrigamus.
919 1438 1088 1484 Etiam'
1078 1453 1200 1500 mge-

211 1506 281 1552 nia
294 1503 571 1567 singulorum
585 1501 799 1549 noscenda
810 1503 1023 1565 Principi,
1048 1514 1099 1548 ut
1120 1519 1201 1564 pro

212 1582 364 1617 natura
385 1567 599 1631 cujusque
621 1567 821 1613 adhibeat
831 1567 1050 1615 ministros
1070 1569 1199 1615 rebus

214 1640 369 1699 (prout
380 1633 532 1680 multis
558 1633 641 1680 hac
663 1634 718 1679 de
727 1649 773 1679 re
783 1633 883 1680 alibi
897 1634 1194 1692 disseruimus)

209 1701 415 1764 Princeps
449 1700 570 1747 enim
581 1698 776 1763 quisque
796 1700 966 1754 bonus,
1004 1700 1200 1747 hortula·
1216 1728 1221 1730 -

211 1783 324 1814 num
347 1766 461 1832 agit,
496 1777 547 1812 ut
570 1766 691 1812 enim
712 1765 757 1811 in
783 1765 1017 1813 hortulano
1031 1767 1115 1822 est,
1151 1775 1202 1812 ut

214 1833 366 1880 herbas
385 1846 488 1879 tum
508 1832 672 1894 plantas
696 1848 778 1895 pro
802 1844 955 1879 natura
986 1799 1200 1895 cujusque

209 1896 314 1946 icite
339 1898 471 1953 serat,
495 1897 719 1960 disponat,
754 1897 1037 1961 transportet,
1072 1898 1199 1944 infle-

209 1964 557 2018 &at,fi1bstratu
581 1964 704 2018 fimi,
728 1976 803 2011 aut
823 1964 1048 2039 iigatione
1058 1964 1202 2010 foveat

211 2046 268 2078 ne
279 2030 556 2085 sterilescant,
580 2030 794 2078 aharum'
783 2043 890 2078 item
918 2036 935 2093 (
950 2032 981 2078 fi
1006 2028 1203 2090 nimium

210 2095 469 2160 pullulando
481 2097 740 2156 exuberent)
767 2097 1034 2145 ramusculos
1026 2096 1201 2159 amp'u-

209 2163 345 2214 tando
359 2197 374 2220 ,
400 2174 476 2213 aut
497 2163 811 2220 suffulciendo,
851 2175 925 2215 aut
945 2164 1134 2235 denique
1151 2170 1204 2207 ut·
1275 2218 1279 2221 ,

1053 2242 1204 2279 nun-145
