1320 2490
255 109 324 155 88
396 109 661 153 ANDREAE
698 106 853 151 MAx.
893 106 1137 150 FREDRo

203 254 206 258 .
252 197 318 245 uti
360 195 445 241 vita
466 195 645 259 ignota,
681 192 813 238 etiam
839 207 974 254 poena
997 191 1250 254 conspectui

251 263 402 309 minus
418 260 564 306 futura
577 261 635 305 est
649 292 662 312 ,
686 255 822 321 quam
837 273 994 304 eorum
1008 291 1021 310 ,
1036 258 1113 321 qui
1126 257 1193 304 uti
1206 257 1250 303 in

252 325 494 389 conspeetu
508 325 719 372 exercitus
731 324 866 370 vitam
878 334 1016 387 agunt
1029 358 1041 377 ,
1057 320 1139 370 nec
1149 338 1250 385 pec-

250 409 351 440 care
373 392 464 438 fine
486 390 748 455 contagione
773 389 967 452 exempli
989 389 1032 435 in
1048 400 1223 436 caeteros
1237 423 1251 443 ‚

255 475 399 521 neque
431 457 578 521 puniri
599 457 689 503 fine
715 454 951 502 communi
981 467 1172 509 terrore,
1209 458 1256 502 &

247 523 497 571 *reffiffimo
543 523 590 569 in
623 523 774 569 futura
805 521 1014 583 exemplo
1060 521 1251 584 possunt.

255 589 506 638 Discrimen
527 600 676 635 tamen
690 588 932 651 irrogandae
946 587 1143 634 militaris
1154 603 1251 650 poe-

254 673 323 703 nae
361 654 384 702 a
418 667 625 718 tempore
654 654 898 717 petendum
934 653 1038 707 erit,
1077 653 1253 700 monito

253 721 432 787 Vegetii
447 756 459 775 ,
478 733 594 784 poena
609 735 668 770 φ·
685 721 807 766 timor
820 720 861 764 in
868 715 1026 782 sedibus
1039 721 1260 782 corrigunt,

250 790 296 836 -2‘n
319 785 634 853 expeditionibus
645 785 728 849 stes
744 791 801 835 όν
812 788 980 847 praemia
995 782 1153 846 faciunt
1169 801 1256 832 me-

253 854 381 902 liores.
423 856 548 900 Dum
577 851 756 898 enimin
769 851 860 897 acie
881 851 961 897 stat
982 850 1110 898 miles
1125 854 1170 898 &
1184 867 1252 897 ac-

252 920 425 968 cinctus
439 918 560 981 operi
571 952 585 972 ,
611 917 719 981 quid
732 916 848 963 mihi
860 933 965 964 cum
980 916 1113 963 minis
1129 920 1146 963 ?
1172 916 1251 963 nifi

256 998 308 1032 ut
320 985 674 1049 indignationem
699 987 716 1044 (
732 984 834 1029 loco
846 983 1016 1029 virtutis
1033 983 1050 1040 )
1071 985 1116 1029 ὃ(
1129 998 1253 1029 mur-

255 1067 361 1098 mur
371 1066 583 1113 provoces
598 1084 611 1103 ,
628 1049 773 1111 potius
787 1065 940 1094 amore
950 1048 1193 1112 pignorum
1207 1051 1252 1095 &

253 1117 404 1181 gloriae
420 1151 432 1170 ‚
460 1115 662 1180 cupidine
686 1114 954 1178 spoliorum,
981 1113 1188 1160 fidelitate
1207 1113 1254 1160 in

257 1183 514 1245 Principem
528 1217 540 1236 ,
567 1185 610 1228 ὃς
623 1180 696 1244 spe
717 1181 769 1227 ab
791 1181 951 1226 eodem
960 1179 1253 1242 praerniorum

253 1249 530 1312 provocanda
543 1246 823 1310 singulorum
847 1246 984 1292 virtus
997 1266 1010 1300 3
1036 1245 1106 1291 vel
1129 1245 1251 1291 deni-

253 1331 342 1378 que
356 1314 445 1360 laus
460 1317 503 1359 &
516 1314 694 1376 proemia
706 1313 791 1358 fint
802 1309 1011 1375 prompte
1024 1310 1225 1374 palamve
1237 1345 1251 1365 ,

253 1395 386 1442 poena
411 1380 463 1425 fit
486 1378 607 1423 velut
632 1375 781 1423 coacte
808 1378 1093 1430 &extacitm
1120 1392 1254 1439 poena

252 1446 333 1491 nifi
348 1445 526 1491 cohibet
538 1443 757 1507 flagitium
772 1476 785 1495 ‚
811 1442 901 1488 laus
925 1441 1029 1488 vero
1044 1453 1252 1503 provocat

253 1512 462 1557 virtutem
486 1513 530 1557 &
544 1509 741 1555 accendit
762 1508 949 1554 animos.

319 1580 391 1623 De
412 1576 606 1640 gerendo
627 1574 745 1620 bello
770 1574 878 1637 quid
893 1573 1079 1636 loquar?
1105 1582 1249 1635 ponus

253 1643 405 1689 tacebo
420 1679 435 1698 ,
457 1638 592 1705 quam
606 1657 682 1686 me
694 1640 741 1686 in
753 1652 844 1686 tam
858 1640 1028 1685 vastum
1042 1638 1248 1684 dicendo-

253 1725 356 1754 rum
369 1709 614 1755 immittam
627 1722 747 1752 mare
761 1740 773 1759 ‚
800 1722 891 1751 non
905 1705 1027 1768 quod
1041 1704 1248 1766 expedire

255 1774 307 1819 sit
330 1775 375 1820 in
389 1775 524 1820 arduo
538 1807 551 1826 ,
588 1770 747 1818 verum
761 1788 839 1817 cur
864 1771 1114 1834 Principem
1138 1769 1251 1815 ultra

253 1841 512 1901 promissam
545 1838 803 1885 brevitatem
829 1838 1077 1884 detineam?
1113 1835 1246 1882 subti-

252 1921 351 1951 cere
376 1906 586 1951 haffitenus
623 1905 814 1966 praestat,
851 1915 902 1950 ut
936 1903 1110 1949 brevior
1134 1901 1218 1947 firn
1232 1936 1245 1954 ,

249 1970 421 2034 aliquot
434 1970 606 2017 tantum
625 1970 795 2016 monita
806 1969 1082 2033 suggesturus
1096 2002 1109 2020 ‚
1135 1984 1247 2030 quo-

253 2053 358 2082 rum
394 2033 591 2083 maxime
619 2035 732 2081 iners
756 2035 860 2081 belli
883 2038 991 2081 Dux
1025 2046 1243 2098 arguatur.

253 2103 496 2149 Prudenter
519 2101 592 2147 ille
613 2100 808 2147 bellatori
843 2102 888 2147 in
914 2117 1092 2161 aurem:
1142 2103 1247 2146 Sam

248 2169 330 2218 cilo
358 2171 498 2234 incipbs
513 2166 1024 2232 viHoriammbiprovisum
1045 2165 1170 2230 fuerit
1196 2181 1244 2210 ne

1139 2245 1239 2279 mn-
