1320 2490
245 86 335 134 254
403 73 668 116 ANDREAE
703 72 857 117 MAx'.
895 72 1137 118 FREDRo

239 163 336 226 lege
348 162 534 208 vetitum
557 162 797 216 habebant,
836 164 917 209 Ne
946 166 1087 225 Sparta
1114 179 1222 212 muro

239 232 452 287 cingeretur
470 258 482 281 2
520 240 570 273 ut
585 229 681 290 plus
695 229 780 290 spei
794 229 838 274 in
861 230 1022 274 virtute
1035 229 1227 286 civium,

240 290 375 354 quam
392 292 436 338 in
460 292 683 340 obstaculis
698 294 1081 340 munimentorum
1094 311 1227 355 pone·
1254 320 1262 351 5

237 367 370 403 retur.
397 359 578 404 Pectora
591 358 776 406 fortium
790 360 954 404 civium
970 363 1013 406 ἃ
1027 360 1230 406 exercitas
1261 386 1266 389 -

239 422 348 467 acies
362 457 375 474 ,
391 439 542 470 muros
555 428 865 486 Spartanorum
882 425 964 470 esse
976 458 989 477 ,
1005 436 1077 471 aut
1089 425 1120 469 fi
1136 424 1228 471 haec
1257 462 1263 494 .‘

240 487 428 533 abeffent
440 523 452 541 ,
482 489 596 535 haud
609 490 805 536 sufficere
819 507 970 536 muros
985 510 997 544 3
1023 501 1155 551 prout
1167 489 1228 536 fa-

241 553 368 598 stum
385 587 397 606 ‚
423 566 472 599 ut
485 558 631 615 Sparta
655 555 811 601 nudata
824 555 962 602 muris
975 590 987 608 ,
1015 571 1172 617 campo
1187 558 1231 602 ὃς

245 617 414 663 aciebus
427 621 599 665 studens
613 655 625 673 ‚
642 622 718 665 diu
730 622 854 666 staret
866 655 880 673 ,
896 624 940 666 ἃ
953 621 1078 666 vistis
1091 621 1231 682 impe·
1254 627 1269 671 ἐν·

240 695 354 729 taret
375 684 549 745 ΡΟΡΠῙῘ8
564 719 575 738 ,
605 685 889 731 Athenienses
917 686 1049 731 cincti
1073 703 1232 740 muro,
1252 687 1278 726 ἐῢ·-

242 764 325 794 nec
337 760 426 794 tam
453 749 586 797 fortes
601 752 734 797 effent
757 752 801 796 in
826 752 1116 814 acquirendo,
1155 768 1234 798 nec

239 813 312 860 sua
333 814 509 861 tandem
532 816 660 862 tutari
683 818 866 877 poffent.
907 821 1026 881 Ergo
1054 833 1110 862 ne
1122 814 1232 875 ,ideo

1260 866 1262 868 ⁴
1254 745 1278 849 ³³22&ss
1260 726 1273 738 2
1258 672 1270 696 κ’

239 879 361 926 nulla
371 879 575 928 fortalitia
589 881 719 927 velim
738 886 754 927 ?
777 882 943 928 ablitea
966 899 1091 928 mens
1105 917 1118 936 ‚
1140 882 1235 929 sua·
1260 903 1265 923 ;

240 945 371 992 deam
393 947 538 1008 potius
551 947 774 1001 habenda,
800 947 871 993 sed
895 949 1028 995 rarius
1050 963 1127 1010 per
1149 949 1233 995 fin-
1264 946 1266 950 ’

239 1011 364 1074 gulas
379 1013 622 1061 Provincias
637 1048 650 1066 ,
672 1030 808 1076 eaque
830 1015 1029 1060 cautione
1044 1050 1058 1070 ,
1079 1025 1129 1060 ut
1141 1029 1235 1061 ver-

243 1077 406 1124 naculis
430 1079 649 1125 Praese-&is
671 1082 717 1127 &
743 1080 998 1126 cohortibus
1021 1080 1232 1127 commit·

240 1152 390 1189 tantur
401 1144 446 1190 in
469 1145 746 1199 custodiam,
764 1145 924 1209 quibus
948 1145 1027 1192 soli
1050 1146 1249 1194 Nobiles:
1314 1149 1315 1153 ’

242 1209 420 1270 praefint
432 1212 628 1274 regendo
641 1246 654 1264 ,
680 1223 780 1258 tum
794 1223 843 1258 ut
853 1210 1081 1258 sufficienti
1091 1211 1233 1274 praefi·

239 1273 342 1328 dio,
367 1275 526 1331 armisl‚
551 1288 806 1324 commeatu
831 1312 844 1330 ,
868 1278 1125 1324 muniantur
1141 1314 1156 1333 ,
1186 1286 1250 1325 ut*

241 1337 296 1384 eo
308 1341 492 1402 pignora
513 1342 587 1388 sua
598 1343 812 1389 convehat
835 1343 1050 1389 Nobilitas
1072 1343 1236 1390 abitura

239 1401 286 1448 in
299 1406 438 1450 castra.
468 1406 617 1451 Habeo
630 1408 802 1468 insuper
813 1408 940 1453 aliam
953 1408 1167 1453 rationem
1188 1407 1247 1452 in·
1316 1399 1317 1402 ¹

240 1482 452 1530 promptu
465 1504 480 1523 ,
504 1486 583 1516 cur
603 1472 758 1534 paffim
784 1485 857 1518 aut
867 1483 1064 1534 potentes
1077 1471 1202 1518 urbes
1219 1504 1234 1524 ,

242 1544 318 1579 aut
349 1535 620 1595 privatorum
660 1553 774 1583 arces
810 1537 977 1583 muniri
1002 1536 1119 1582 haud
1141 1536 1235 1582 sua-

241 1599 369 1644 deam
385 1634 398 1652 ,
421 1599 492 1645 sed
512 1602 692 1647 reticere
712 1602 885 1648 causam
898 1635 912 1655 ‚
937 1601 1163 1665 utriusque
1175 1601 1246 1648 rei>

239 1665 418 1725 praestat.

305 1730 399 1791 Ipssz
410 1730 452 1776 se
462 1747 528 1777 res
550 1731 769 1785 infinuat‚.
787 1730 939 1779 frustra
962 1733 1235 1780 Polonorum
1308 1755 1309 1758 ¹

240 1795 473 1850 Liba-tati,
500 1814 666 1844 nomen
689 1798 1129 1860 licentiaeviimputari,
1155 1797 1233 1845 nifi
1308 1797 1311 1838 ἶ

239 1859 352 1905 abiis
369 1896 380 1913 ,
407 1863 484 1925 qui
506 1862 614 1909 dum
631 1879 720 1909 non
751 1863 1004 1927 intelligunt
1028 1868 1233 1927 Rempu-

240 1922 399 1971 blicam
415 1961 425 1978 ,
461 1944 541 1989 pro
563 1928 642 1974 suo
656 1928 839 1991 quisque
863 1930 1090 1992 ingeniolo
1112 1928 1234 1991 quod
1308 1986 1311 2006 J

241 1989 337 2034 vult
350 1990 533 2038 levicule
550 1994 726 2040 blaterat
740 2029 751 2048 ‚
766 1994 928 2057 aliquid
941 1996 987 2041 in
1001 1997 1106 2041 statu
1119 1994 1231 2040 sem-

240 2068 318 2115 per
330 2055 477 2102 videns
494 2059 626 2105 etiam
652 2076 755 2106 cum
769 2060 879 2106 nihil
893 2061 1024 2107 videt.
1055 2059 1233 2107 Praeser-
1308 2087 1311 2110 ι

240 2118 325 2167 tim
335 2120 368 2166 fi
379 2121 462 2168 sint
473 2122 607 2188 aliqui
621 2142 674 2172 ex
686 2125 768 2173 illis
783 2125 1002 2189 pejoribus
1016 2161 1028 2182 ‚
1054 2126 1131 2189 qui
1144 2123 1231 2186 pri-

1080 2200 1240 2239 vatum.
