1320 2490
257 102 498 143 ScRn’T.
537 99 933 144 FRAGMENTA.
999 116 1085 159 241

105 196 157 227 co
170 181 246 228 fibi
256 183 506 228 concessum
520 184 769 244 acceptasse,
777 195 826 228 ut
837 182 970 228 veluti
982 183 1093 229 olim

107 249 271 293 Romae
294 247 463 293 socium
478 248 629 310 populi
652 248 844 293 Romani
871 247 968 294 dici.
1006 247 1093 294 Hic
1154 288 1157 289 ⁷

105 313 213 358 item
227 313 446 359 Polonum
459 314 709 377 indigenam
732 313 947 360 Nobilem
969 318 1180 359 voca2·*⁴.'‘

108 380 191 423 cari
209 413 220 431 ‚
247 378 397 424 multae
422 379 474 424 fit
497 379 611 441 apud
633 378 973 440 Rempublicam
998 394 1096 441 gra-
1150 390 1154 397 ²

109 444 178 487 tiae
219 443 500 505 [Reliquum
524 444 616 505 ejus
640 444 723 489 loci
746 444 900 488 videin
914 443 1100 490 Historia

109 523 206 552 mea
231 508 285 553 de
296 508 422 570 gestis
446 509 602 570 Populi
616 509 773 554 Poloni
799 508 878 553 sub
906 509 1099 554 Henrico

54 624 56 627 ¹
109 572 281 618 Valefio
295 572 586 627 Polonorum,
601 575 746 636 postea
759 572 912 620 Galliae
929 574 1099 636 Rege]

177 656 217 684 2.
255 638 484 700 Qamdiu
509 638 665 685 Poloni
681 656 796 701 equo
826 636 1099 685 &hastabel-

111 703 262 749 labunt
303 704 324 762 [
347 702 418 749 sed
437 715 488 750 ut
508 704 689 766 pedestri
714 716 863 749 tamen
895 703 1101 749 exercitio

108 785 200 814 non
214 768 402 815 abnuant
414 803 426 821 ‚
454 785 544 831 quo
562 768 758 816 maxim&
773 768 884 814 bella
895 767 1105 814 sustinen-

108 844 193 880 tur.
209 838 354 896 Eques
366 834 484 880 enim
498 835 725 880 confiidhii
742 870 755 888 ‚
777 834 906 896 pedes
920 834 1105 880 neceffa-

107 899 196 945 rius
208 900 253 945 in
265 899 518 945 universum
536 900 678 953 bello,
703 900 776 946 sua
800 898 1106 952 defendendo,

39 998 41 1000 -
106 965 245 1011 aliena
267 966 588 1028 expugnando,
613 966 837 1028 urgendo,
863 976 981 1026 parta
1003 965 1104 1010 reti-

111 1031 283 1084 nendo,
333 1031 409 1076 effi
437 1031 604 1077 bellum
630 1032 851 1084 trahatur,
889 1030 1036 1076 minus
1050 1046 1106 1077 ex

31 1109 36 1117 '
110 1107 364 1142 commeatu
377 1113 488 1159 opus
502 1097 632 1143 habet
643 1131 655 1149 ,
681 1097 838 1143 lentius
848 1106 966 1159 parat
982 1129 994 1149 ‚
1033 1094 1104 1141 sed

109 1160 182 1206 diu
202 1174 321 1207 tenet
334 1161 614 1223 vistoriam]
676 1201 681 1204 .

182 1243 222 1287 3
261 1228 491 1290 Qamdiu
518 1227 709 1274 extranei
735 1262 748 1281 ,
792 1226 989 1275 Civitatis
1007 1226 1107 1288 jure

114 1296 132 1353 (
146 1292 219 1338 seu
234 1294 376 1338 Patrio
392 1294 408 1349 )
444 1294 612 1356 parcius
627 1294 929 1345 donabuntur,
947 1295 991 1338 ὃς
1006 1292 1104 1337 lon-

110 1358 208 1421 gius
222 1358 484 1405 arcebuntur
495 1360 661 1420 privato
674 1355 888 1421 Regum
871 1374 894 1401 a
906 1357 1104 1402 consilio.

175 1438 222 1482 4.
259 1423 490 1485 Qamdiu
525 1437 705 1470 externo
730 1425 858 1468 Duce
883 1425 926 1469 &
967 1422 1110 1468 milite

112 1503 203 1533 non
216 1499 410 1534 utemur

178 1571 222 1613 5.
259 1553 491 1616 Qamdiu
515 1553 662 1599 crebra
677 1552 879 1598 fortalitia
902 1568 991 1598 non
1007 1567 1110 1598 mu-

11 1605 13 1607 ·
45 1656 49 1659 .
112 1616 309 1670 nient-ur,
335 1635 469 1680 quam
492 1630 543 1664 ut
565 1618 721 1682 singuli
746 1617 1002 1663 Palatinatus
1023 1617 1110 1662 fin·

113 1682 220 1748 gula
249 1683 529 1728 munimenta
563 1700 608 1728 m
630 1683 857 1744 publicum
894 1683 1111 1728 exstruant

120 1748 140 1805 (
162 1763 244 1808 pro
268 1746 489 1793 securitate
511 1750 556 1793 &
574 1747 845 1808 depofitorio
868 1748 1111 1810 pignorum

115 1812 338 1866 suorum,
374 1813 483 1858 dum
496 1812 547 1858 ad
561 1813 725 1859 bellum
740 1812 827 1859 abit
861 1812 1077 1858 Nobilitas
1094 1811 1112 1868 )

117 1889 398 1930 commeatu,
425 1878 581 1931 armis,
607 1882 650 1925 ὃς
666 1878 806 1923 milite
818 1894 865 1923 ea
876 1893 1112 1940 procuran-

120 1943 179 1989 do
194 1977 206 1995 ,
220 1943 373 2004 pn'vati
387 1941 489 1989 vero
505 1944 617 1990 cives
632 1978 646 1997 ‚
677 1943 944 1990 munitiones
953 1956 1109 2006 poten-

117 2019 180 2054 tes
192 2008 347 2070 paffim
362 2025 451 2055 non
464 2010 712 2056 exstruant.-

191 2079 233 2120 6.
270 2075 500 2135 Qamdiu
523 2091 688 2121 nomen
713 2075 1025 2122 communium
1051 2089 1118 2119 ar·

125 2154 310 2187 morum
336 2142 541 2205 Equester
561 2141 672 2187 ordo
693 2157 783 2187 non
807 2153 961 2195 exuet,
986 2138 1120 2186 annui

599 2209 637 2253 L
672 2222 705 2267 4
1036 2219 1118 2267 po·
