1320 2490
171 131 406 174 ScmpT.
444 127 855 173 FRAGMENTA.
922 145 1010 190 119

0 219 19 252 ὃ
86 224 334 258 mmeatum
368 222 514 264 curet,
547 209 622 256 'cui
651 226 807 257 omnes
831 210 914 257 fint
935 227 1011 258 au-

59 279 188 323 iendo
201 311 212 330 ‚
240 278 272 322 fi
284 274 389 322 vero
403 275 564 322 diversa
585 292 639 321 ex
649 288 770 336 parte
779 276 946 323 bellum
961 277 1014 324 fit

8 354 22 383 ³
54 345 271 402 ‚erendum
285 377 298 395 ‚
333 342 476 404 plures
500 341 544 386 in
558 357 652 386 eam
667 358 763 387 rem
776 342 1010 406 deligendi.

94 411 202 455 Non
227 408 494 454 credendum
520 408 565 452 in
579 407 769 460 foedere,
797 408 875 460 nili
890 410 1014 471 quod

0 484 23 517 ἑο
50 474 227 520 offibile
261 474 314 519 fit
346 473 562 519 credendo
586 507 599 525 ‚
647 472 1013 520 considerandum

0 550 24 582 ω
55 556 228 602 ·rnpus‚
265 539 510 591 neceffitas,
544 538 698 601 genius
724 537 1013 586 confoederati

0 599 16 644 ἱ
61 606 233 667 sincipis
255 608 298 651 &
323 605 578 656 constantia,
600 619 653 649 an
676 615 836 649 mutuo
863 604 1013 659 bono,

0 666 2 670 ’
101 671 278 733 proprio
290 667 466 716 tantiim
490 669 597 732 quid
609 669 741 715 velit?
766 685 820 716 an
844 670 1014 718 colores

52 779 55 781 .
82 736 272 799 speciem
285 750 448 799 quaemt
461 739 477 781 ?

0 824 25 836 ”
93 803 166 849 Ad
176 802 436 864 penetranda
447 800 624 848 consilia
641 797 823 863 suspeffi
846 802 1012 849 Princi-

16 901 20 905 »
58 868 92 914 is
103 880 177 914 aut
186 868 338 931 populi
351 901 364 921 ,
381 865 621 913 commode
634 867 842 929 praestabis
855 902 868 922 ‚
886 868 918 913 fi
930 867 1011 915 sub

7 931 22 969 ω’
83 946 238 980 textu
260 934 502 996 quaerendae
524 933 725 979 amicitiae
747 933 1010 998 autlegatio-

16 1027 19 1037 2
56 999 90 1046 is
118 999 373 1059 (confilium
396 999 538 1045 dando
554 1032 567 1051 ,
601 998 671 1044 vel
694 1010 741 1045 te
771 999 818 1045 in
840 1011 1014 1062 partem

3 1083 20 1104 ἰι
47 1110 51 1112 ,
81 1065 170 1111 xilii
184 1065 428 1122 offerendo)
445 1062 497 1110 eo
513 1065 674 1110 mittes.
711 1067 837 1111 Tum
862 1066 1016 1112 omnia

0 1128 9 1174 .”
19 1154 22 1167 =
52 1131 100 1177 bi
125 1131 346 1193 explorata
365 1130 566 1184 venient,
591 1130 848 1185 confilium,
874 1132 1014 1184 vires,

58 1198 346 1248 mamodstas,
383 1196 536 1258 populi
570 1196 826 1250 concordia,
861 1209 936 1242 aut
965 1198 1012 1243 in

50 1263 277 1309 „belliones
298 1261 473 1308 facilitas
498 1265 541 1308 &
557 1260 690 1307 causz2
713 1295 728 1315 ,
743 1261 848 1307 fides
862 1295 877 1315 ,
902 1278 1008 1308 con·
1079 1318 1083 1321 ἢ

0 1352 22 1377 μ
57 1329 194 1382 antia,
219 1325 315 1374 imo
329 1327 460 1373 multi
484 1344 538 1372 ex
550 1326 789 1388 purpuratis
813 1322 859 1372 &a
882 1343 1011 1373 corn-

5 1414 22 1432 ··
50 1436 54 1439 .
75 1395 234 1440 odltate
260 1410 383 1439 novae
397 1392 721 1454 conjundtionis
744 1392 876 1438 amici
887 1408 1013 1454 para-¹

0 1458 16 1503 α’
51 1471 215 1514 untur,
246 1458 315 1504 vel
342 1471 391 1504 ut
412 1457 606 1519 profint,
640 1457 709 1502 vel
735 1474 789 1503 ne
809 1471 1008 1506 noceant.

50 1524 203 1569 Iavebis
225 1541 330 1587 ergo
354 1524 433 1569 tibi
464 1521 488 1568 ’ὲ
511 1523 582 1569 tali
608 1523 798 1569 amicitia
823 1524 1013 1570 colorata

82 1588 367 1651 legationibus
383 1624 396 1642 ,
421 1605 476 1635 ne
499 1602 542 1634 te
565 1589 648 1634 illis
674 1600 820 1635 totum
848 1591 1009 1636 credas.

9 1677 15 1695 ι
89 1655 247 1699 Videat
262 1654 522 1716 Respublica
546 1664 594 1700 ut
605 1655 864 1702 exceffivam
877 1672 1013 1717 pom-

0 1743 17 1766 .·
76 1736 124 1765 m
149 1719 374 1782 legationis
396 1719 648 1780 prohibeat,
671 1736 775 1765 nam
789 1720 901 1765 ultra
921 1720 1012 1767 hoc

15 1811 19 1827 f
57 1786 124 1831 uia
149 1785 259 1830 cives
282 1785 569 1847 legationibus
603 1784 911 1831 exhaurientur
946 1789 964 1848 (
978 1786 1010 1832 fi

0 1876 20 1901 ,
55 1851 197 1901 riv-atis
209 1849 455 1913 sumptibus
469 1850 617 1912 agant)
644 1849 775 1896 etiam
790 1850 902 1897 adest
914 1868 1019 1897 me-.

107 1951 120 1970 ‚
144 1933 201 1962 ne
211 1916 363 1978 populi
387 1916 439 1961 ad
462 1931 573 1978 quos
596 1927 702 1961 eunt
722 1915 877 1980 legati,
904 1913 1008 1963 &su-

57 1983 196 2028 erfiuo
209 1981 436 2044 splendore
444 1981 517 2044 spe
526 1980 677 2043 praedae
691 1984 736 2028 &
759 1982 1009 2030 divitiarum

17 2080 22 2089 .
44 2047 158 2093 leffi
174 2067 186 2100 3
201 2048 253 2092 ad
267 2047 377 2092 bella
388 2047 644 2100 incitentur,
670 2058 713 2092 at
723 2048 844 2110 quod
867 2048 1009 2095 maxi-

1 2118 14 2164 s
81 2129 160 2158 um
173 2147 186 2165 ,
201 2112 305 2158 alter
318 2112 481 2176 legatus
495 2112 571 2175 qui
584 2113 677 2174 post
689 2112 824 2160 iturus
837 2115 895 2159 est
910 2114 1010 2176 (uifi

14 2206 18 2225 ι
43 2178 159 2227 mili
179 2177 408 2242 splendore
419 2191 517 2244 agat
537 2178 717 2240 omnia-)
751 2179 836 2227 levi
847 2181 1010 2242 pende-
