1320 2490
249 82 488 126 Sempr.
524 74 932 128 FRAGMENTA.
1053 100 1082 143 9

69 163 312 230 oratioest
328 200 347 218 ,
391 182 485 213 non
538 166 647 215 ratio
676 187 688 220 3
736 164 948 213 Consulat
981 165 1088 211 verb

101 235 120 292 (
69 212 254 293 saepe
298 230 486 294 suggero
513 232 529 288 )
568 244 769 278 naturam
817 231 1090 294 Reipublicae

95 297 284 359 prudens
311 296 560 350 consult01,
586 313 640 343 an
662 297 734 344 illa
759 298 899 359 capiat
915 301 959 344 &
984 296 1095 344 ferat

96 362 367 408 remedium?
383 379 520 425 quam
534 376 583 408 ut
594 364 645 408 ad
657 376 871 427 praecepta
881 363 1090 416 Platonis,

96 439 171 473 aut
213 427 466 475 subtiiitates
511 429 801 475 Politicorum
860 441 1054 474 recurrat
1078 463 1091 482 ‚

99 494 221 556 quod
234 494 266 539 fi
280 511 334 539 ex
346 494 520 558 integro
534 495 579 540 in
592 495 749 540 melius
762 511 859 540 rem
883 495 1091 539 reducere

97 575 188 604 non
211 559 370 621 posfit,
396 576 487 605 non
511 559 706 623 desperet
728 563 772 606 &
797 559 991 611 defistat,
1017 558 1090 604 sed

97 636 220 670 curet
240 626 478 686 prudenter
501 625 733 689 quomodo
745 625 798 670 ab
811 625 946 671 exitio
957 625 1091 670 decli-

97 703 185 735 net.
216 690 360 737 Etiam
374 704 550 737 nautam
563 691 867 754 probaverim,
894 707 984 736 non
1011 706 1090 753 qui

98 757 360 817 (proximus
374 756 632 819 naufragio)
669 756 880 819 disputat,
881 772 1087 834 quomo-

101 822 158 867 do
172 822 311 885 plenis
334 822 440 868 velis
465 823 576 868 dum
599 834 755 867 ventus
778 819 894 868 flat
877 840 900 866 a
923 823 1060 885 puppi
1075 856 1087 875 ,

97 887 218 934 littus
254 890 298 934 δε
333 899 485 949 portus
519 887 731 950 petendus
755 887 832 940 fit,
868 886 940 933 sed
953 903 1088 940 eum,

95 953 328 1015 quomodo
351 954 463 999 inter
484 952 682 998 adversos
705 953 868 999 fluetus
896 952 992 1013 (fin
1015 953 1094 998 ali-

96 1031 162 1064 ter
185 1018 279 1064 fieri
302 1035 393 1065 non
418 1018 582 1081 posfit)
619 1029 849 1081 utcunque
869 1019 1088 1072 flames,

97 1101 240 1147 neque
263 1101 440 1148 mergar
457 1098 622 1141 tamen..
651 1082 827 1129 Verum
868 1088 957 1145 (ne
969 1084 1015 1130 in
1040 1100 1089 1130 ea

98 1150 268 1196 confilii
298 1162 419 1213 parte
451 1149 616 1212 aliquid
650 1149 891 1206 omittam)
928 1165 1020 1195 non
1043 1150 1090 1195 in

95 1215 362 1262 consulendo
374 1213 550 1261 tantum
562 1215 607 1260 in
619 1213 817 1276 praesens,
831 1214 903 1260 sed
915 1215 961 1261 in
972 1226 1090 1278 prae-‘

94 1282 283 1327 videndo
307 1295 406 1327 ante
432 1280 538 1343 quid
560 1280 753 1326 accidere
775 1280 945 1342 posfit,
979 1281 1089 1327 boni

95 1347 305 1409 Principis
317 1363 365 1392 ac
380 1346 517 1409 Regis
531 1361 633 1403 cura
643 1345 898 1408 requiritur,
909 1345 1083 1408 praeser-

93 1413 179 1459 tim
217 1416 234 1474 (
259 1425 311 1459 ut
331 1413 409 1457 alia
432 1412 728 1469 omittantur)
777 1412 890 1457 circa
912 1412 1089 1476 negotia

94 1478 263 1524 exotica
274 1479 518 1531 traetanda,
543 1477 589 1522 in
602 1477 750 1540 legatis
775 1490 849 1523 aut
861 1477 1086 1524 mittendis

94 1556 169 1590 aut
189 1544 489 1607 recipiendis,
496 1543 606 1589 circa
629 1543 796 1589 foedera
818 1556 892 1589 aut
902 1545 1089 1606 paranda

96 1609 199 1662 fibi,
224 1622 298 1656 aut
320 1609 542 1656 diffuenda
553 1609 606 1654 ab
628 1608 806 1655 adverso
821 1644 833 1661 ‚
860 1622 961 1655 tum
976 1609 1088 1655 circa

94 1675 375 1722 inferendum
398 1688 472 1722 aut
482 1675 782 1721 sustinendum
794 1675 991 1728 bellum,
1017 1675 1088 1721 vel

96 1741 313 1805 quidquid
347 1742 523 1806 negotii>
549 1757 656 1786 cum
694 1741 883 1787 externis
918 1741 964 1786 in
988 1757 1097 1787 rem.

94 1808 287 1854 nostram
313 1808 460 1854 venire
481 1807 619 1869 potest
641 1806 864 1870 agendum
878 1843 894 1863 ,
915 1806 988 1853 seu
1012 1823 1083 1869 pa·

93 1873 230 1919 rando
244 1908 255 1924 ‚
269 1872 343 1919 seu
356 1873 562 1919 cavendo.
602 1875 654 1918 In
668 1888 803 1935 quam
815 1889 910 1920 rem
925 1889 1090 1936 oppor-

94 1939 192 1985 tuni
214 1938 484 1991 videbuntur
501 1938 684 2002 quidam
706 1938 859 2000 privati
885 1939 1085 1985 archivo-

93 2022 197 2051 rum
210 2005 435 2068 praeside-s,
461 2005 506 2050 id
519 2005 578 2051 est
602 2004 914 2068 negotiorum,
944 2008 963 2066 (
976 2021 1087 2068 prae-

95 2070 244 2117 sertim
256 2071 309 2117 ab
322 2083 506 2118 externo
522 2075 539 2128 )
564 2070 839 2117 venientium
854 2106 866 2125 ,
897 2071 971 2117 seu
983 2087 1089 2134 pro-

97 2149 315 2187 curatores
329 2137 431 2194 ,feu
440 2137 795 2202 indagatorec„ad
807 2137 1088 2186 informatio·

982 2218 1090 2250 nem
