1320 2490
187 79 428 121 sempr.
466 72 875 118 FRAGMENTA.
988 82 1049 132 73²

55 165 222 214 facilius
258 163 452 216 stabunt,
491 172 643 209 contra
672 160 886 224 justitiam
919 160 1017 207 alias
1030 191 1051 213 ,›

55 230 427 278 velutreluctante
449 231 550 275 Deo
563 227 803 292 pugnaturi
817 262 829 281 ,
855 226 921 273 sui
947 242 1050 272 ma-

50 298 200 362 jorem
213 296 416 342 animum
428 294 616 341 sument.
645 295 774 340 Nam
797 292 918 354 causa
938 291 1059 354 jubet*

50 361 207 427 jhperos
218 363 356 409 melior
378 360 527 423 sperare
545 357 760 423 secundos:
791 358 923 404 hostis
947 354 1055 403 vero

57 426 398 475 consternabitur
422 429 468 473 &
491 437 698 488 arguetur
729 440 806 487 per
830 424 1054 470 conscien-

56 495 165 540 tiam
177 493 235 555 inj
242 494 685 548 ustorumffarmorum
698 524 712 544 ‚
727 503 777 537 ut
790 489 1056 537 diffidentius

57 575 156 606 rem
169 558 462 622 aggrediatur.

125 624 171 670 Si
195 621 299 669 vero
332 623 464 670 hostis
478 640 533 669 ex
555 622 769 684 insperato
802 619 1054 686 periculum
1140 666 1145 675 ,
1180 662 1182 665 ,

57 689 254 737 minetur
265 725 277 743 ‚
304 701 353 736 tu
366 687 471 735 vero
495 689 729 750 imparatus
741 687 794 735 fis
808 722 822 742 ,
847 687 978 734 etiam
993 687 1052 733 la·
1070 663 1223 766 ἔξα-

58 755 230 802 ceffitus
254 755 490 818 prudenter
501 754 745 808 diffimula,
770 766 846 800 aut
857 752 975 817 quafi
989 752 1051 799 fa·
1071 769 1239 818 tofum,

58 822 187 868 &um
199 837 290 867 non
301 820 443 867 videas
459 855 472 874 ,
500 820 570 867 vel
582 820 614 866 fi
627 832 756 883 urget
777 820 852 866 ille
863 819 1053 882 amplius
1071 823 1173 864 dum.

62 885 193 948 (cum
216 887 339 934 aliter
363 886 457 932 fieri
479 903 571 933 non
582 885 739 949 poffit,
762 902 828 932 res
840 884 948 932 vero
960 883 1057 931 sua-

60 953 191 1010 deat)
223 969 277 999 eo
291 951 388 999 casu
399 968 455 999 ex
477 952 629 998 animo
651 951 815 1015 aliquid
826 951 1060 998 demittere

58 1018 283 1066 neceffum
301 1019 383 1065 erit
395 1053 409 1072 ‚
436 1035 513 1082 per
524 1017 746 1081 Principes
768 1018 946 1063 interim
962 1033 1060 1063 me-

59 1084 245 1132 diatores
284 1085 387 1147 (vel
420 1095 521 1131 tuos
555 1083 691 1130 etiam
723 1083 1058 1141 internuncios)

59 1150 251 1197 amicam
314 1154 360 1210 &
407 1149 637 1196 honestam
685 1148 1061 1211 compositionem

61 1232 256 1278 quaeres,
282 1233 373 1262 non
398 1214 732 1279 ingloriumtibi
745 1214 932 1267 ducens,
958 1214 1062 1260 licet

59 1281 298 1345 precariam
334 1283 531 1345 quietem
553 1279 737 1341 alicujus
758 1280 971 1342 temporis
1006 1279 1062 1325 ad

60 1347 413 1412 protrahendum
424 1346 619 1392 obtineas
632 1380 645 1399 ,
670 1356 979 1392 verumtamen
991 1362 1062 1391 re-

59 1415 186 1464 mota
197 1413 352 1478 procul
365 1412 495 1460 omni
506 1410 672 1459 fallacia
683 1414 727 1459 δι
738 1410 845 1458 dolo
861 1431 873 1466 3
890 1414 1064 1476 Arguat

61 1482 178 1530 mihi
202 1481 291 1528 hoc
314 1479 413 1527 casu
433 1479 589 1543 aliquis
611 1477 880 1544 generosum
906 1479 1062 1542 pectus

63 1546 406 1595 meticulofitatis
430 1563 487 1592 ex
508 1544 876 1598 diffimulatione,
911 1560 1065 1592 nonne

64 1614 207 1678 magis
229 1629 314 1676 ego
327 1629 513 1676 arguero
533 1611 789 1659 temeritatis
804 1647 819 1667 ‚
853 1611 885 1656 fi
908 1610 962 1657 ab
973 1611 1062 1657 im·

65 1690 303 1743 praeparato
316 1679 522 1741 Princeps
535 1677 751 1725 obluitari
763 1677 868 1723 velit
880 1710 893 1731 ,
909 1679 954 1724 &
965 1688 1061 1723 tur-

65 1747 179 1810 piter
191 1745 355 1791 cadere.
394 1747 507 1791 Puto
529 1743 674 1807 potius
697 1742 807 1790 utile
829 1760 883 1789 eo
905 1742 952 1788 in
963 1740 1063 1789 casu

41 1832 43 1834 ·
67 1811 417 1876 praeponendum
431 1844 445 1864 ‚
471 1828 528 1858 ne
539 1807 648 1857 cum
670 1811 726 1856 de
747 1809 841 1856 solo
864 1807 1061 1874 glorioso

69 1879 288 1943 cogitatur
301 1912 313 1931 ,
339 1876 447 1923 utile
457 1876 591 1924 fimul
612 1892 722 1924 cum
733 1874 918 1923 honesto
931 1874 1063 1922 amit-

42 1976 43 1979 =
70 1955 132 1992 tas
146 1979 158 1998 ,
173 1944 295 2008 quod
318 1943 414 1990 alias
427 1959 533 1990 cum
547 1942 723 1990 foenore
743 1942 895 2008 gloriae
908 1957 1064 2005 repen·

42 2044 44 2048 ,
74 2009 270 2065 detur‚fi
286 2013 378 2057 uon
388 2010 506 2073 prius
520 2045 534 2065 ,
560 2007 698 2074 quam
711 2025 768 2056 ex
779 2009 890 2056 bene
900 2023 1066 2072 praepa-

71 2088 166 2124 rato
188 2078 242 2124 ad
254 2077 556 2140 depellendam
578 2075 784 2140 injuriam
809 2073 1068 2122 descensum

0 2190 2 2200 ,
73 2143 142 2193 fit.
179 2143 407 2194 Providerat
427 2142 723 2258 veroixligerim
745 2142 825 2192 fibi
835 2142 1045 2253 Princemd
1051 2174 1068 2194 ³

564 2241 567 2244 .
644 2227 680 2271 4
1048 2222 1073 2251 C
