<?xml version="1.0" encoding="UTF-8"?>
<!DOCTYPE html PUBLIC "-//W3C//DTD XHTML 1.0 Transitional//EN"
    "http://www.w3.org/TR/xhtml1/DTD/xhtml1-transitional.dtd">
<html xmlns="http://www.w3.org/1999/xhtml" xml:lang="en" lang="en">
 <head>
  <title>
</title>
<meta http-equiv="Content-Type" content="text/html;charset=utf-8" />
  <meta name='ocr-system' content='tesseract 3.04.00' />
  <meta name='ocr-capabilities' content='ocr_page ocr_carea ocr_par ocr_line ocrx_word'/>
</head>
<body>
  <div class='ocr_page' id='page_1' title='image "./andreaemaximilia00fred_0381.png"; bbox 0 0 1320 2490; ppageno 0'>
   <div class='ocr_carea' id='block_1_1' title="bbox 223 65 1078 128">
    <p class='ocr_par' dir='ltr' id='par_1_1' title="bbox 223 65 1078 128">
     <span class='ocr_line' id='line_1_1' title="bbox 223 65 1078 128; baseline -0.001 -13"><span class='ocrx_word' id='word_1_1' title='bbox 223 68 463 115; x_wconf 67' lang='lat' dir='ltr'>sempr.</span> <span class='ocrx_word' id='word_1_2' title='bbox 502 65 912 112; x_wconf 72' lang='lat' dir='ltr'>FRAGMENTA.</span> <span class='ocrx_word' id='word_1_3' title='bbox 988 69 1078 128; x_wconf 63' lang='lat'>371&gt;</span> 
     </span>
    </p>
   </div>
   <div class='ocr_carea' id='block_1_2' title="bbox 90 148 1087 1135">
    <p class='ocr_par' dir='ltr' id='par_1_2' title="bbox 90 148 1087 1135">
     <span class='ocr_line' id='line_1_2' title="bbox 93 148 1082 218; baseline 0.002 -20"><span class='ocrx_word' id='word_1_4' title='bbox 93 152 172 198; x_wconf 78' lang='lat' dir='ltr'>nisi</span> <span class='ocrx_word' id='word_1_5' title='bbox 197 166 428 218; x_wconf 83' lang='lat' dir='ltr'>cognatam</span> <span class='ocrx_word' id='word_1_6' title='bbox 454 153 606 199; x_wconf 77' lang='lat' dir='ltr'>habeat</span> <span class='ocrx_word' id='word_1_7' title='bbox 626 148 941 213; x_wconf 66' lang='lat' dir='ltr'>festinationem3</span> <span class='ocrx_word' id='word_1_8' title='bbox 979 154 1082 200; x_wconf 88' lang='lat' dir='ltr'>Ufi-</span> 
     </span>
     <span class='ocr_line' id='line_1_3' title="bbox 94 218 1078 282; baseline 0.002 -18"><span class='ocrx_word' id='word_1_9' title='bbox 94 231 237 265; x_wconf 85' lang='lat' dir='ltr'>tatum</span> <span class='ocrx_word' id='word_1_10' title='bbox 285 219 361 265; x_wconf 86' lang='lat' dir='ltr'>diu</span> <span class='ocrx_word' id='word_1_11' title='bbox 395 222 584 266; x_wconf 84' lang='lat' dir='ltr'><strong>Lemma</strong></span> <span class='ocrx_word' id='word_1_12' title='bbox 628 218 920 282; x_wconf 80' lang='lat' dir='ltr'>superponere</span> <span class='ocrx_word' id='word_1_13' title='bbox 962 219 1078 266; x_wconf 87' lang='lat' dir='ltr'>mihi</span> 
     </span>
     <span class='ocr_line' id='line_1_4' title="bbox 91 284 1087 346; baseline 0.002 -17"><span class='ocrx_word' id='word_1_14' title='bbox 91 284 308 346; x_wconf 80' lang='lat' dir='ltr'>Symbolo</span> <span class='ocrx_word' id='word_1_15' title='bbox 331 284 517 345; x_wconf 78' lang='lat' dir='ltr'>placuit,</span> <span class='ocrx_word' id='word_1_16' title='bbox 555 301 634 330; x_wconf 86' lang='lat' dir='ltr'>nec</span> <span class='ocrx_word' id='word_1_17' title='bbox 646 285 1008 338; x_wconf 68' lang='lat' dir='ltr'>nommaddere,</span> <span class='ocrx_word' id='word_1_18' title='bbox 1035 297 1087 331; x_wconf 87' lang='lat' dir='ltr'>ut</span> 
     </span>
     <span class='ocr_line' id='line_1_5' title="bbox 93 348 1084 413; baseline 0.002 -19"><span class='ocrx_word' id='word_1_19' title='bbox 93 348 146 395; x_wconf 72' lang='lat' dir='ltr'>eo</span> <span class='ocrx_word' id='word_1_20' title='bbox 161 349 300 412; x_wconf 81' lang='lat' dir='ltr'>magis</span> <span class='ocrx_word' id='word_1_21' title='bbox 315 350 376 395; x_wconf 83' lang='lat' dir='ltr'>vis</span> <span class='ocrx_word' id='word_1_22' title='bbox 390 349 502 396; x_wconf 77' lang='lat' dir='ltr'>illius</span> <span class='ocrx_word' id='word_1_23' title='bbox 517 350 738 413; x_wconf 83' lang='lat' dir='ltr'>ingeratur</span> <span class='ocrx_word' id='word_1_24' title='bbox 750 350 887 397; x_wconf 76' lang='lat' dir='ltr'>oculis</span> <span class='ocrx_word' id='word_1_25' title='bbox 901 354 945 398; x_wconf 86' lang='lat'>&amp;</span> <span class='ocrx_word' id='word_1_26' title='bbox 956 366 1084 396; x_wconf 88' lang='lat' dir='ltr'>men-</span> 
     </span>
     <span class='ocr_line' id='line_1_6' title="bbox 90 415 1085 479; baseline 0.002 -19"><span class='ocrx_word' id='word_1_27' title='bbox 90 416 124 460; x_wconf 84' lang='lat' dir='ltr'>ti</span> <span class='ocrx_word' id='word_1_28' title='bbox 140 415 346 477; x_wconf 85' lang='lat' dir='ltr'>Principis</span> <span class='ocrx_word' id='word_1_29' title='bbox 359 449 372 468; x_wconf 89' lang='lat'>‚</span> <span class='ocrx_word' id='word_1_30' title='bbox 386 431 440 461; x_wconf 79' lang='lat' dir='ltr'>ex</span> <span class='ocrx_word' id='word_1_31' title='bbox 453 415 741 461; x_wconf 75' lang='lat' dir='ltr'>familiaritate</span> <span class='ocrx_word' id='word_1_32' title='bbox 751 416 940 479; x_wconf 79' lang='lat' dir='ltr'>antiquae</span> <span class='ocrx_word' id='word_1_33' title='bbox 952 417 1085 463; x_wconf 83' lang='lat' dir='ltr'>vocis.</span> 
     </span>
     <span class='ocr_line' id='line_1_7' title="bbox 93 480 1081 529; baseline 0.001 -1"><span class='ocrx_word' id='word_1_34' title='bbox 93 481 227 528; x_wconf 84' lang='lat' dir='ltr'>Adest</span> <span class='ocrx_word' id='word_1_35' title='bbox 247 480 462 526; x_wconf 80' lang='lat' dir='ltr'>festinatio</span> <span class='ocrx_word' id='word_1_36' title='bbox 482 482 574 526; x_wconf 78' lang='lat' dir='ltr'>nOn</span> <span class='ocrx_word' id='word_1_37' title='bbox 607 480 699 526; x_wconf 89' lang='lat' dir='ltr'>fine</span> <span class='ocrx_word' id='word_1_38' title='bbox 722 492 871 527; x_wconf 85' lang='lat' dir='ltr'>tamen</span> <span class='ocrx_word' id='word_1_39' title='bbox 893 481 1081 529; x_wconf 75' lang='lat' dir='ltr'>circum·</span> 
     </span>
     <span class='ocr_line' id='line_1_8' title="bbox 92 546 1085 609; baseline 0.001 -17"><span class='ocrx_word' id='word_1_40' title='bbox 92 546 339 609; x_wconf 69' lang='lat' dir='ltr'>speffione,</span> <span class='ocrx_word' id='word_1_41' title='bbox 374 546 571 593; x_wconf 84' lang='lat' dir='ltr'>innuitur</span> <span class='ocrx_word' id='word_1_42' title='bbox 605 546 966 609; x_wconf 54' lang='lat' dir='ltr'>circumspectio,</span> <span class='ocrx_word' id='word_1_43' title='bbox 1003 563 1085 593; x_wconf 90' lang='lat' dir='ltr'>nec</span> 
     </span>
     <span class='ocr_line' id='line_1_9' title="bbox 91 611 1084 675; baseline 0.001 -18"><span class='ocrx_word' id='word_1_44' title='bbox 91 625 241 658; x_wconf 77' lang='lat' dir='ltr'>tamen</span> <span class='ocrx_word' id='word_1_45' title='bbox 277 612 369 658; x_wconf 86' lang='lat' dir='ltr'>fine</span> <span class='ocrx_word' id='word_1_46' title='bbox 413 611 546 658; x_wconf 83' lang='lat' dir='ltr'>verbo</span> <span class='ocrx_word' id='word_1_47' title='bbox 580 612 877 659; x_wconf 84' lang='lat' dir='ltr'>Festinationis</span> <span class='ocrx_word' id='word_1_48' title='bbox 902 647 914 666; x_wconf 95' lang='lat'>,</span> <span class='ocrx_word' id='word_1_49' title='bbox 963 612 1084 675; x_wconf 83' lang='lat' dir='ltr'>quafi</span> 
     </span>
     <span class='ocr_line' id='line_1_10' title="bbox 92 676 1084 731; baseline 0 -7"><span class='ocrx_word' id='word_1_50' title='bbox 92 694 238 725; x_wconf 88' lang='lat' dir='ltr'>unum</span> <span class='ocrx_word' id='word_1_51' title='bbox 250 677 341 724; x_wconf 90' lang='lat' dir='ltr'>fine</span> <span class='ocrx_word' id='word_1_52' title='bbox 349 678 485 726; x_wconf 90' lang='lat' dir='ltr'>altero</span> <span class='ocrx_word' id='word_1_53' title='bbox 499 677 617 724; x_wconf 85' lang='lat' dir='ltr'>haud</span> <span class='ocrx_word' id='word_1_54' title='bbox 627 676 745 723; x_wconf 62' lang='lat' dir='ltr'>recte</span> <span class='ocrx_word' id='word_1_55' title='bbox 759 677 972 731; x_wconf 81' lang='lat' dir='ltr'>succedat,</span> <span class='ocrx_word' id='word_1_56' title='bbox 986 676 1084 724; x_wconf 72' lang='lat' dir='ltr'>imo</span> 
     </span>
     <span class='ocr_line' id='line_1_11' title="bbox 95 740 1084 808; baseline 0.002 -20"><span class='ocrx_word' id='word_1_57' title='bbox 95 744 252 790; x_wconf 86' lang='lat' dir='ltr'>vitium</span> <span class='ocrx_word' id='word_1_58' title='bbox 266 744 344 796; x_wconf 85' lang='lat' dir='ltr'>fit,</span> <span class='ocrx_word' id='word_1_59' title='bbox 370 753 523 790; x_wconf 85' lang='lat' dir='ltr'>amoto</span> <span class='ocrx_word' id='word_1_60' title='bbox 545 740 665 790; x_wconf 60' lang='lat' dir='ltr'>redte</span> <span class='ocrx_word' id='word_1_61' title='bbox 689 744 843 808; x_wconf 83' lang='lat' dir='ltr'>agendi</span> <span class='ocrx_word' id='word_1_62' title='bbox 867 755 1084 805; x_wconf 87' lang='lat' dir='ltr'>tempera-</span> 
     </span>
     <span class='ocr_line' id='line_1_12' title="bbox 92 808 1083 872; baseline -0.001 -17"><span class='ocrx_word' id='word_1_63' title='bbox 92 822 275 863; x_wconf 88' lang='lat' dir='ltr'>mento,</span> <span class='ocrx_word' id='word_1_64' title='bbox 310 809 468 871; x_wconf 89' lang='lat' dir='ltr'>partim</span> <span class='ocrx_word' id='word_1_65' title='bbox 492 809 602 854; x_wconf 89' lang='lat' dir='ltr'>dum</span> <span class='ocrx_word' id='word_1_66' title='bbox 624 808 838 856; x_wconf 86' lang='lat' dir='ltr'>festinatio</span> <span class='ocrx_word' id='word_1_67' title='bbox 864 811 908 855; x_wconf 90' lang='lat' dir='ltr'>in</span> <span class='ocrx_word' id='word_1_68' title='bbox 933 810 1083 872; x_wconf 81' lang='lat' dir='ltr'>praeci-</span> 
     </span>
     <span class='ocr_line' id='line_1_13' title="bbox 91 875 1086 938; baseline 0 -18"><span class='ocrx_word' id='word_1_69' title='bbox 91 875 318 938; x_wconf 82' lang='lat' dir='ltr'>pitantiam</span> <span class='ocrx_word' id='word_1_70' title='bbox 330 886 543 928; x_wconf 84' lang='lat' dir='ltr'>vertatur,</span> <span class='ocrx_word' id='word_1_71' title='bbox 566 875 726 937; x_wconf 80' lang='lat' dir='ltr'>partim</span> <span class='ocrx_word' id='word_1_72' title='bbox 751 875 942 922; x_wconf 84' lang='lat' dir='ltr'>filenitas</span> <span class='ocrx_word' id='word_1_73' title='bbox 955 875 1086 935; x_wconf 64' lang='lat' dir='ltr'>tardi-</span> 
     </span>
     <span class='ocr_line' id='line_1_14' title="bbox 92 940 1082 988; baseline -0.001 -1"><span class='ocrx_word' id='word_1_74' title='bbox 92 941 188 987; x_wconf 84' lang='lat' dir='ltr'>tatis</span> <span class='ocrx_word' id='word_1_75' title='bbox 201 957 367 988; x_wconf 90' lang='lat' dir='ltr'>nomen</span> <span class='ocrx_word' id='word_1_76' title='bbox 390 952 621 987; x_wconf 72' lang='lat' dir='ltr'>mereatur.</span> <span class='ocrx_word' id='word_1_77' title='bbox 658 940 843 987; x_wconf 85' lang='lat' dir='ltr'>Festinas</span> <span class='ocrx_word' id='word_1_78' title='bbox 864 940 910 986; x_wconf 90' lang='lat' dir='ltr'>in</span> <span class='ocrx_word' id='word_1_79' title='bbox 930 941 1082 986; x_wconf 87' lang='lat' dir='ltr'>amici-</span> 
     </span>
     <span class='ocr_line' id='line_1_15' title="bbox 91 1004 1083 1070; baseline 0 -17"><span class='ocrx_word' id='word_1_80' title='bbox 91 1007 199 1053; x_wconf 87' lang='lat' dir='ltr'>tiam</span> <span class='ocrx_word' id='word_1_81' title='bbox 215 1007 397 1067; x_wconf 80' lang='lat' dir='ltr'>alicujus</span> <span class='ocrx_word' id='word_1_82' title='bbox 406 1006 668 1070; x_wconf 80' lang='lat' dir='ltr'>parandam?</span> <span class='ocrx_word' id='word_1_83' title='bbox 695 1004 890 1053; x_wconf 73' lang='lat' dir='ltr'>faclente</span> <span class='ocrx_word' id='word_1_84' title='bbox 906 1041 919 1061; x_wconf 89' lang='lat'>,</span> <span class='ocrx_word' id='word_1_85' title='bbox 933 1023 989 1053; x_wconf 90' lang='lat' dir='ltr'>ne</span> <span class='ocrx_word' id='word_1_86' title='bbox 999 1023 1083 1069; x_wconf 86' lang='lat' dir='ltr'>pro</span> 
     </span>
     <span class='ocr_line' id='line_1_16' title="bbox 91 1071 1083 1135; baseline 0.001 -16"><span class='ocrx_word' id='word_1_87' title='bbox 91 1071 262 1120; x_wconf 82' lang='lat' dir='ltr'>levitate</span> <span class='ocrx_word' id='word_1_88' title='bbox 303 1073 483 1120; x_wconf 59' lang='lat' dir='ltr'>affectus</span> <span class='ocrx_word' id='word_1_89' title='bbox 517 1073 563 1119; x_wconf 90' lang='lat' dir='ltr'>in</span> <span class='ocrx_word' id='word_1_90' title='bbox 597 1071 877 1135; x_wconf 82' lang='lat' dir='ltr'>importunos</span> <span class='ocrx_word' id='word_1_91' title='bbox 910 1089 1083 1120; x_wconf 81' lang='lat' dir='ltr'>amores</span> 
     </span>
    </p>
   </div>
   <div class='ocr_carea' id='block_1_3' title="bbox 91 1134 1092 1203">
    <p class='ocr_par' dir='ltr' id='par_1_3' title="bbox 91 1134 1092 1203">
     <span class='ocr_line' id='line_1_17' title="bbox 91 1134 1092 1203; baseline 0 -17"><span class='ocrx_word' id='word_1_92' title='bbox 91 1152 281 1203; x_wconf 75' lang='lat' dir='ltr'>praeceps</span> <span class='ocrx_word' id='word_1_93' title='bbox 295 1140 441 1188; x_wconf 87' lang='lat' dir='ltr'>feraris</span> <span class='ocrx_word' id='word_1_94' title='bbox 454 1174 468 1194; x_wconf 91' lang='lat'><strong>,</strong></span> <span class='ocrx_word' id='word_1_95' title='bbox 495 1142 539 1188; x_wconf 64' lang='grc' dir='ltr'>ὃς</span> <span class='ocrx_word' id='word_1_96' title='bbox 552 1149 596 1186; x_wconf 91' lang='lat' dir='ltr'>te</span> <span class='ocrx_word' id='word_1_97' title='bbox 617 1139 828 1201; x_wconf 60' lang='lat' dir='ltr'>poeniteat</span> <span class='ocrx_word' id='word_1_98' title='bbox 837 1137 969 1202; x_wconf 71' lang='lat' dir='ltr'>paulo</span> <span class='ocrx_word' id='word_1_99' title='bbox 982 1134 1092 1200; x_wconf 70' lang='lat' dir='ltr'>post&#39;</span> 
     </span>
    </p>
   </div>
   <div class='ocr_carea' id='block_1_4' title="bbox 85 1204 1084 1597">
    <p class='ocr_par' dir='ltr' id='par_1_4' title="bbox 85 1204 1084 1452">
     <span class='ocr_line' id='line_1_18' title="bbox 85 1204 1084 1254; baseline -0.002 0"><span class='ocrx_word' id='word_1_100' title='bbox 85 1207 285 1254; x_wconf 82' lang='lat' dir='ltr'>&#39;admiffae</span> <span class='ocrx_word' id='word_1_101' title='bbox 319 1206 522 1254; x_wconf 77' lang='lat' dir='ltr'>amicitiae</span> <span class='ocrx_word' id='word_1_102' title='bbox 556 1205 791 1252; x_wconf 87' lang='lat' dir='ltr'>intimioris</span> <span class='ocrx_word' id='word_1_103' title='bbox 829 1208 876 1253; x_wconf 63' lang='grc' dir='ltr'>ὃς</span> <span class='ocrx_word' id='word_1_104' title='bbox 891 1204 1084 1252; x_wconf 63' lang='lat' dir='ltr'>&#39;credito-</span> 
     </span>
     <span class='ocr_line' id='line_1_19' title="bbox 91 1264 1084 1335; baseline 0 -17"><span class='ocrx_word' id='word_1_105' title='bbox 91 1288 196 1319; x_wconf 88' lang='lat' dir='ltr'>rum</span> <span class='ocrx_word' id='word_1_106' title='bbox 208 1264 476 1320; x_wconf 69' lang='lat' dir='ltr'>secretorum</span> <span class='ocrx_word' id='word_1_107' title='bbox 490 1306 503 1326; x_wconf 91' lang='lat'>‚</span> <span class='ocrx_word' id='word_1_108' title='bbox 516 1270 588 1318; x_wconf 81' lang='lat' dir='ltr'>sod</span> <span class='ocrx_word' id='word_1_109' title='bbox 600 1271 735 1333; x_wconf 79' lang='lat' dir='ltr'>proba</span> <span class='ocrx_word' id='word_1_110' title='bbox 745 1269 866 1334; x_wconf 72' lang='lat' dir='ltr'>prius</span> <span class='ocrx_word' id='word_1_111' title='bbox 879 1282 1084 1335; x_wconf 89' lang='lat' dir='ltr'>tempore</span> 
     </span>
     <span class='ocr_line' id='line_1_20' title="bbox 92 1338 1082 1392; baseline 0 -8"><span class='ocrx_word' id='word_1_112' title='bbox 92 1339 318 1392; x_wconf 87' lang='lat' dir='ltr'>amicum,</span> <span class='ocrx_word' id='word_1_113' title='bbox 343 1355 398 1385; x_wconf 88' lang='lat' dir='ltr'>an</span> <span class='ocrx_word' id='word_1_114' title='bbox 411 1338 551 1391; x_wconf 86' lang='lat' dir='ltr'>fidus,</span> <span class='ocrx_word' id='word_1_115' title='bbox 572 1353 626 1384; x_wconf 90' lang='lat' dir='ltr'>an</span> <span class='ocrx_word' id='word_1_116' title='bbox 637 1338 860 1391; x_wconf 87' lang='lat' dir='ltr'>constans,</span> <span class='ocrx_word' id='word_1_117' title='bbox 884 1353 939 1383; x_wconf 90' lang='lat' dir='ltr'>an</span> <span class='ocrx_word' id='word_1_118' title='bbox 952 1350 1052 1384; x_wconf 88' lang='lat' dir='ltr'>tuus</span> <span class='ocrx_word' id='word_1_119' title='bbox 1069 1370 1082 1391; x_wconf 92' lang='lat'>,</span> 
     </span>
     <span class='ocr_line' id='line_1_21' title="bbox 91 1403 1079 1452; baseline 0 -3"><span class='ocrx_word' id='word_1_120' title='bbox 91 1419 183 1450; x_wconf 87' lang='lat' dir='ltr'>non</span> <span class='ocrx_word' id='word_1_121' title='bbox 195 1415 282 1449; x_wconf 84' lang='lat' dir='ltr'>tuae</span> <span class='ocrx_word' id='word_1_122' title='bbox 295 1403 483 1450; x_wconf 86' lang='lat' dir='ltr'>fortunae</span> <span class='ocrx_word' id='word_1_123' title='bbox 496 1403 675 1448; x_wconf 76' lang='lat' dir='ltr'>amicus.</span> <span class='ocrx_word' id='word_1_124' title='bbox 714 1403 934 1452; x_wconf 83' lang='lat' dir='ltr'>Festmas&#39;</span> <span class='ocrx_word' id='word_1_125' title='bbox 922 1419 967 1448; x_wconf 81' lang='lat' dir='ltr'>in</span> <span class='ocrx_word' id='word_1_126' title='bbox 991 1403 1079 1449; x_wconf 87' lang='lat' dir='ltr'>adi-</span> 
     </span>
    </p>

    <p class='ocr_par' dir='ltr' id='par_1_5' title="bbox 87 1466 1082 1597">
     <span class='ocr_line' id='line_1_22' title="bbox 87 1466 1082 1532; baseline 0.001 -18"><span class='ocrx_word' id='word_1_127' title='bbox 87 1469 345 1532; x_wconf 82' lang='lat' dir='ltr'>piscendum</span> <span class='ocrx_word' id='word_1_128' title='bbox 358 1469 545 1532; x_wconf 87' lang='lat' dir='ltr'>aliquid,</span> <span class='ocrx_word' id='word_1_129' title='bbox 560 1468 628 1513; x_wconf 90' lang='lat' dir='ltr'>fac</span> <span class='ocrx_word' id='word_1_130' title='bbox 641 1466 775 1521; x_wconf 72' lang='lat' dir='ltr'>lente,</span> <span class='ocrx_word' id='word_1_131' title='bbox 790 1485 844 1514; x_wconf 86' lang='lat' dir='ltr'>ne</span> <span class='ocrx_word' id='word_1_132' title='bbox 856 1467 960 1514; x_wconf 72' lang='lat' dir='ltr'>vitio</span> <span class='ocrx_word' id='word_1_133' title='bbox 971 1485 1082 1531; x_wconf 81' lang='lat' dir='ltr'>prae-</span> 
     </span>
     <span class='ocr_line' id='line_1_23' title="bbox 89 1533 1082 1597; baseline -0.001 -16"><span class='ocrx_word' id='word_1_134' title='bbox 89 1536 206 1597; x_wconf 85' lang='lat' dir='ltr'>cipit·</span> <span class='ocrx_word' id='word_1_135' title='bbox 200 1536 352 1589; x_wconf 79' lang='lat' dir='ltr'>mtiae,</span> <span class='ocrx_word' id='word_1_136' title='bbox 380 1534 521 1597; x_wconf 83' lang='lat' dir='ltr'>magis</span> <span class='ocrx_word' id='word_1_137' title='bbox 545 1533 755 1595; x_wconf 83' lang='lat' dir='ltr'>impedias</span> <span class='ocrx_word' id='word_1_138' title='bbox 768 1550 833 1580; x_wconf 86' lang='lat' dir='ltr'>res</span> <span class='ocrx_word' id='word_1_139' title='bbox 846 1535 1054 1580; x_wconf 87' lang='lat' dir='ltr'>tentando</span> <span class='ocrx_word' id='word_1_140' title='bbox 1066 1568 1082 1588; x_wconf 91' lang='lat'>‚</span> 
     </span>
    </p>
   </div>
   <div class='ocr_carea' id='block_1_5' title="bbox 14 1598 1085 1663">
    <p class='ocr_par' dir='ltr' id='par_1_6' title="bbox 14 1598 1085 1663">
     <span class='ocr_line' id='line_1_24' title="bbox 14 1598 1085 1663; baseline -0.001 -16"><span class='ocrx_word' id='word_1_141' title='bbox 14 1634 17 1635; x_wconf 13' lang='grc' dir='ltr'><em>γ</em></span> <span class='ocrx_word' id='word_1_142' title='bbox 90 1617 225 1663; x_wconf 78' lang='lat' dir='ltr'>quam</span> <span class='ocrx_word' id='word_1_143' title='bbox 251 1612 301 1646; x_wconf 88' lang='lat' dir='ltr'>ut</span> <span class='ocrx_word' id='word_1_144' title='bbox 323 1599 575 1662; x_wconf 73' lang='lat' dir='ltr'>assequaris,</span> <span class='ocrx_word' id='word_1_145' title='bbox 616 1598 717 1644; x_wconf 84' lang='lat' dir='ltr'>sunt</span> <span class='ocrx_word' id='word_1_146' title='bbox 737 1598 857 1645; x_wconf 89' lang='lat' dir='ltr'>enim</span> <span class='ocrx_word' id='word_1_147' title='bbox 882 1600 1085 1662; x_wconf 82' lang='lat' dir='ltr'>quaedam</span> 
     </span>
    </p>
   </div>
   <div class='ocr_carea' id='block_1_6' title="bbox 54 1663 1082 1730">
    <p class='ocr_par' dir='ltr' id='par_1_7' title="bbox 54 1663 1082 1730">
     <span class='ocr_line' id='line_1_25' title="bbox 54 1663 1082 1730; baseline -0.002 -17"><span class='ocrx_word' id='word_1_148' title='bbox 54 1687 63 1695; x_wconf 72' lang='lat'><em>,</em></span> <span class='ocrx_word' id='word_1_149' title='bbox 90 1683 155 1713; x_wconf 87' lang='lat' dir='ltr'>res</span> <span class='ocrx_word' id='word_1_150' title='bbox 170 1666 427 1730; x_wconf 75' lang='lat' dir='ltr'>&amp;neg-otia,</span> <span class='ocrx_word' id='word_1_151' title='bbox 451 1663 571 1710; x_wconf 88' lang='lat' dir='ltr'>velut</span> <span class='ocrx_word' id='word_1_152' title='bbox 594 1663 686 1709; x_wconf 76' lang='lat' dir='ltr'>vasa</span> <span class='ocrx_word' id='word_1_153' title='bbox 698 1663 852 1718; x_wconf 80' lang='lat' dir='ltr'>vitrea,</span> <span class='ocrx_word' id='word_1_154' title='bbox 879 1681 977 1728; x_wconf 85' lang='lat' dir='ltr'>quae</span> <span class='ocrx_word' id='word_1_155' title='bbox 1002 1665 1082 1711; x_wconf 80' lang='lat' dir='ltr'>nifi</span> 
     </span>
    </p>
   </div>
   <div class='ocr_carea' id='block_1_7' title="bbox 91 1730 1092 1791">
    <p class='ocr_par' dir='ltr' id='par_1_8' title="bbox 91 1730 1092 1791">
     <span class='ocr_line' id='line_1_26' title="bbox 91 1730 1092 1791; baseline 0 -13"><span class='ocrx_word' id='word_1_156' title='bbox 91 1733 211 1778; x_wconf 86' lang='lat' dir='ltr'>lento</span> <span class='ocrx_word' id='word_1_157' title='bbox 236 1731 480 1779; x_wconf 75' lang='lat' dir='ltr'>&amp;delicato</span> <span class='ocrx_word' id='word_1_158' title='bbox 506 1731 653 1782; x_wconf 64' lang='lat' dir='ltr'>tactu,</span> <span class='ocrx_word' id='word_1_159' title='bbox 659 1730 953 1791; x_wconf 66' lang='lat' dir='ltr'>appiehendi</span> <span class='ocrx_word' id='word_1_160' title='bbox 978 1742 1092 1778; x_wconf 19' lang='lat' dir='ltr'>tumr</span> 
     </span>
    </p>
   </div>
   <div class='ocr_carea' id='block_1_8' title="bbox 91 1795 1081 2237">
    <p class='ocr_par' dir='ltr' id='par_1_9' title="bbox 91 1795 1081 2237">
     <span class='ocr_line' id='line_1_27' title="bbox 91 1795 1081 1861; baseline -0.001 -18"><span class='ocrx_word' id='word_1_161' title='bbox 91 1797 242 1861; x_wconf 70' lang='lat' dir='ltr'>gestari</span> <span class='ocrx_word' id='word_1_162' title='bbox 257 1799 458 1860; x_wconf 81' lang='lat' dir='ltr'>possunt,</span> <span class='ocrx_word' id='word_1_163' title='bbox 474 1795 570 1841; x_wconf 76' lang='lat' dir='ltr'>imo</span> <span class='ocrx_word' id='word_1_164' title='bbox 586 1795 799 1842; x_wconf 69' lang='lat' dir='ltr'>nonnuiia</span> <span class='ocrx_word' id='word_1_165' title='bbox 812 1807 973 1842; x_wconf 86' lang='lat' dir='ltr'>nocent</span> <span class='ocrx_word' id='word_1_166' title='bbox 986 1811 1081 1842; x_wconf 80' lang='lat' dir='ltr'>ma-</span> 
     </span>
     <span class='ocr_line' id='line_1_28' title="bbox 91 1859 1078 1928; baseline 0 -20"><span class='ocrx_word' id='word_1_167' title='bbox 91 1864 159 1928; x_wconf 88' lang='lat' dir='ltr'>gis</span> <span class='ocrx_word' id='word_1_168' title='bbox 173 1867 217 1912; x_wconf 81' lang='lat'>&amp;</span> <span class='ocrx_word' id='word_1_169' title='bbox 229 1863 430 1909; x_wconf 81' lang='lat' dir='ltr'>officiunt</span> <span class='ocrx_word' id='word_1_170' title='bbox 455 1861 575 1908; x_wconf 88' lang='lat' dir='ltr'>nobis</span> <span class='ocrx_word' id='word_1_171' title='bbox 589 1861 740 1922; x_wconf 79' lang='lat' dir='ltr'>adepta</span> <span class='ocrx_word' id='word_1_172' title='bbox 750 1878 886 1925; x_wconf 87' lang='lat' dir='ltr'>quam</span> <span class='ocrx_word' id='word_1_173' title='bbox 905 1862 938 1908; x_wconf 89' lang='lat' dir='ltr'>fi</span> <span class='ocrx_word' id='word_1_174' title='bbox 952 1859 1078 1923; x_wconf 85' lang='lat' dir='ltr'>plane</span> 
     </span>
     <span class='ocr_line' id='line_1_29' title="bbox 91 1926 1080 1990; baseline -0.001 -15"><span class='ocrx_word' id='word_1_175' title='bbox 91 1945 184 1975; x_wconf 84' lang='lat' dir='ltr'>non</span> <span class='ocrx_word' id='word_1_176' title='bbox 206 1928 510 1981; x_wconf 85' lang='lat' dir='ltr'>obtineantur3</span> <span class='ocrx_word' id='word_1_177' title='bbox 547 1926 760 1990; x_wconf 78' lang='lat' dir='ltr'>aliquibus</span> <span class='ocrx_word' id='word_1_178' title='bbox 785 1928 904 1974; x_wconf 87' lang='lat' dir='ltr'>enim</span> <span class='ocrx_word' id='word_1_179' title='bbox 928 1927 1080 1974; x_wconf 87' lang='lat' dir='ltr'>horni-</span> 
     </span>
     <span class='ocr_line' id='line_1_30' title="bbox 93 1992 1079 2057; baseline -0.001 -16"><span class='ocrx_word' id='word_1_180' title='bbox 93 2010 204 2041; x_wconf 86' lang='lat' dir='ltr'>num</span> <span class='ocrx_word' id='word_1_181' title='bbox 230 1995 333 2040; x_wconf 84' lang='lat' dir='ltr'>inest</span> <span class='ocrx_word' id='word_1_182' title='bbox 347 1992 475 2040; x_wconf 80' lang='lat' dir='ltr'>falsus</span> <span class='ocrx_word' id='word_1_183' title='bbox 487 1993 703 2056; x_wconf 76' lang='lat' dir='ltr'>quidam</span> <span class='ocrx_word' id='word_1_184' title='bbox 691 2009 736 2038; x_wconf 80' lang='lat' dir='ltr'>ln</span> <span class='ocrx_word' id='word_1_185' title='bbox 758 2010 823 2040; x_wconf 89' lang='lat' dir='ltr'>res</span> <span class='ocrx_word' id='word_1_186' title='bbox 842 1994 1051 2057; x_wconf 86' lang='lat' dir='ltr'>appetitus</span> <span class='ocrx_word' id='word_1_187' title='bbox 1065 2028 1079 2047; x_wconf 93' lang='lat'><strong><em>,</em></strong></span> 
     </span>
     <span class='ocr_line' id='line_1_31' title="bbox 95 2058 1079 2139; baseline 0 -35"><span class='ocrx_word' id='word_1_188' title='bbox 95 2061 237 2121; x_wconf 78' lang='lat' dir='ltr'>(velut</span> <span class='ocrx_word' id='word_1_189' title='bbox 257 2059 451 2106; x_wconf 83' lang='lat' dir='ltr'>medici</span> <span class='ocrx_word' id='word_1_190' title='bbox 441 2075 486 2105; x_wconf 91' lang='lat' dir='ltr'>1n</span> <span class='ocrx_word' id='word_1_191' title='bbox 509 2059 679 2139; x_wconf 75' lang='lat' dir='ltr'>aegrotis</span> <span class='ocrx_word' id='word_1_192' title='bbox 703 2058 978 2106; x_wconf 83' lang='lat' dir='ltr'>observatum</span> <span class='ocrx_word' id='word_1_193' title='bbox 1003 2059 1079 2105; x_wconf 88' lang='lat' dir='ltr'>ha-</span> 
     </span>
     <span class='ocr_line' id='line_1_32' title="bbox 93 2122 1081 2190; baseline -0.001 -18"><span class='ocrx_word' id='word_1_194' title='bbox 93 2125 228 2184; x_wconf 87' lang='lat' dir='ltr'>bent)</span> <span class='ocrx_word' id='word_1_195' title='bbox 255 2137 305 2174; x_wconf 90' lang='lat' dir='ltr'>ut</span> <span class='ocrx_word' id='word_1_196' title='bbox 315 2125 466 2190; x_wconf 83' lang='lat' dir='ltr'>saepius</span> <span class='ocrx_word' id='word_1_197' title='bbox 491 2125 608 2173; x_wconf 90' lang='lat' dir='ltr'>cibos</span> <span class='ocrx_word' id='word_1_198' title='bbox 631 2122 732 2173; x_wconf 91' lang='lat' dir='ltr'>tum</span> <span class='ocrx_word' id='word_1_199' title='bbox 746 2137 875 2188; x_wconf 87' lang='lat' dir='ltr'>potus</span> <span class='ocrx_word' id='word_1_200' title='bbox 898 2125 1081 2173; x_wconf 88' lang='lat' dir='ltr'>nocivos</span> 
     </span>
     <span class='ocr_line' id='line_1_33' title="bbox 972 2206 1077 2237; baseline -0.012 0"><span class='ocrx_word' id='word_1_201' title='bbox 972 2206 1077 2237; x_wconf 83' lang='lat' dir='ltr'>con</span> 
     </span>
    </p>
   </div>
   <div class='ocr_carea' id='block_1_9' title="bbox 1212 1435 1294 1487">
    <p class='ocr_par' dir='ltr' id='par_1_10' title="bbox 1212 1435 1294 1487">
     <span class='ocr_line' id='line_1_34' title="bbox 1212 1435 1294 1487; baseline 0 0"><span class='ocrx_word' id='word_1_202' title='bbox 1212 1435 1294 1487; x_wconf 48' lang='grc' dir='ltr'><strong><em>Α</em></strong></span> 
     </span>
    </p>
   </div>
   <div class='ocr_carea' id='block_1_10' title="bbox 1134 1477 1268 1557">
    <p class='ocr_par' dir='ltr' id='par_1_11' title="bbox 1134 1477 1268 1557">
     <span class='ocr_line' id='line_1_35' title="bbox 1134 1477 1268 1557; baseline 0 -11"><span class='ocrx_word' id='word_1_203' title='bbox 1134 1477 1268 1557; x_wconf 50' lang='lat' dir='ltr'><em>ff</em></span> 
     </span>
    </p>
   </div>
  </div>
 </body>
</html>
