1320 2490
196 117 434 161 smum.
474 115 879 162 FRAGMENTA.
965 134 1057 180 255

65 208 217 245 vatum
239 198 455 245 ambitum
471 197 632 259 publici
657 198 759 244 boni
781 198 925 246 velant
944 215 1051 262 prae-

64 274 190 310 textu
205 298 218 317 ‚
253 265 370 310 unde
391 264 637 309 adstruxere
660 262 871 311 invidiose
894 277 1052 313 retorta

65 328 111 375 in
134 329 378 376 libertatem
392 329 572 375 nomina
588 363 600 382 ,
625 341 726 375 tum
746 329 982 391 praesertim
1006 332 1052 378 in

63 395 267 442 meliores
279 395 418 447 cives,
443 395 517 457 qui
543 411 709 456 proea,
734 395 958 442 Comitiali
971 413 1051 458 po-

61 461 232 513 testate,
257 472 420 506 certant
431 458 644 512 studiose,
668 461 864 506 vocando
875 473 948 506 aut
959 474 1052 508 tur

47 531 49 535 '
61 524 263 571 bulento
276 536 374 578 ,aut
388 529 407 585 (
410 525 531 588 quod
544 525 655 570 olim
668 525 854 602 Romae
844 541 888 570 1n
902 527 1049 572 reffis-

61 589 227 636 fimum
262 591 404 636 civem
439 593 656 636 Catonem
682 607 705 634 a
735 591 854 636 bono
879 590 1050 638 dicendi

60 656 160 702 zelo
172 654 334 702 finistre
347 667 565 706 retortum
579 656 700 711 erat)
727 654 840 703 decros
854 669 956 703 tum
987 660 1052 703 in-

59 720 253 769 humanos
265 756 278 775 ,
295 719 402 768 esim
415 719 515 767 vere
528 720 625 767 alias
637 737 718 783 pro
730 722 911 784 antiquo
925 738 1052 769 more

41 788 107 833 ·&
131 786 227 851 lege
253 787 373 834 unita
398 788 556 833 virtute
584 798 746 832 certare
762 821 774 840 ‚
803 803 894 832 non
916 787 1050 835 faffio

58 851 112 898 fit
124 886 137 905 ,
152 852 224 898 sed
236 853 380 915 potiU3
394 852 439 898 in
453 853 627 898 bonum
640 852 746 897 unio
759 886 770 906 ,
796 868 887 898 non
901 866 1052 900 extor-

36 917 150 971 2130,
174 917 247 963 sed
270 918 424 981 petitio
439 952 451 971 ‚
487 934 578 963 non
602 917 898 967 conti-aventio
923 918 1051 966 rebus

56 981 182 1030 illatis
195 1017 209 1037 ,
229 982 387 1030 verflm
413 983 479 1029 sui
509 983 637 1029 tuitio
652 1016 666 1035 ‚
692 999 784 1029 non
798 983 970 1031 morosa
983 985 1048 1030 di·

30 1105 33 1107 ,
58 1049 235 1102 cacitas,
271 1048 343 1095 sed
360 1049 498 1110 justus
513 1064 567 1094 ex
579 1047 734 1094 dolore
745 1047 920 1102 sermo,
948 1061 1051 1097 tum

29 1122 31 1125 ’
57 1114 262 1177 querela,
299 1130 389 1160 non
409 1113 573 1159 ardor
561 1130 607 1159 m
632 1128 761 1159 novas
787 1130 850 1161 res
865 1114 1024 1189 igneps
1032 1148 1046 1169 ‚

55 1179 130 1226 sed
164 1179 304 1226 bonus
340 1195 422 1241 pro
443 1178 637 1224 libertate
661 1179 793 1225 zelus.
833 1180 977 1225 Non
965 1181 1046 1244 1gi-

11 1256 29 1301 q
56 1245 473 1306 turperlibertatem
485 1243 656 1290 dicendi
679 1246 782 1297 stat,
809 1245 917 1307 quin
948 1261 1044 1308 per

13 1306 30 1370 Ξῖ
55 1309 297 1373 spicatiores
311 1309 443 1373 aliqui
467 1309 631 1356 civium
644 1310 783 1356 acerbi
771 1327 835 1355 us
849 1312 1046 1372 quando-

56 1391 147 1439 que
171 1375 458 1438 querujentur
482 1374 766 1438 &insurgant
786 1374 948 1428 verbo,
972 1375 1047 1422 sed

55 1456 190 1514 penes
197 1440 322 1493 illud,
335 1456 393 1485 ne
403 1439 510 1502 quid
520 1450 672 1485 contra
692 1440 807 1503 leges
818 1451 1022 1502 peccetur
1032 1475 1046 1495 ,

55 1521 167 1552 neve
178 1505 431 1567 imponatur
442 1504 678 1550 Provinciis
690 1505 812 1568 quod
823 1521 954 1568 grave
965 1505 1019 1551 fit
1031 1540 1045 1560 ,

55 1571 111 1618 ad
144 1570 419 1616 occafionem
454 1569 725 1632 querulandi
774 1571 860 1615 Sed
894 1585 1048 1616 vereor

57 1635 236 1682 tandem
249 1651 303 1681 ne
315 1635 481 1680 eveniat
492 1633 701 1680 succeffus
714 1633 871 1680 fabulae
881 1672 898 1691 ,
910 1651 1047 1696 quam

57 1700 381 1748 Demosthenes
394 1699 449 1745 de
460 1698 612 1745 ovibus
626 1714 748 1744 canes
761 1699 874 1760 lupis
885 1700 1046 1746 deden-

57 1765 174 1813 tibus
198 1764 534 1811 Athenienfibus
557 1764 686 1809 recita
688 1764 750 1809 vit
775 1767 793 1824 (
809 1779 918 1810 cum
939 1781 1048 1826 prae·

10 1885 13 1889 Δ
58 1847 211 1943 ἔφυσε
237 1833 482 1949 Oratongm
493 1829 608 1939 dedis
615 1828 694 1874 fibi
704 1829 845 1874 νίὲὶοι·
858 1830 1047 1948 Aiexkaaiit-i-

91 1913 137 1943 er
150 1912 204 1942 cu
260 1907 327 1942 ret
377 1910 402 1940 a
453 1910 578 1956 lmpo
596 1906 661 1940 1to
672 1905 885 1956 praetextu

58 1977 137 2025 per
160 1912 354 2008 eoi-{m
341 1960 611 2008 dicacitatem
649 1959 818 2022 publica
838 1911 1052 2022 anCi’tase

61 2043 155 2073 non
164 2027 302 2088 poffet
315 2026 334 2084 )
356 2025 416 2071 fic
436 2025 500 2071 isti
512 2024 652 2071 acerbi
665 2041 815 2072 rerum
825 2025 1020 2073 censores
1033 2060 1048 2081 ‚

62 2103 289 2138 exarment
301 2091 440 2138 verius
455 2090 796 2153 Rempublicam
815 2094 860 2139 δε
875 2091 1050 2138 liberta-
1093 2113 1099 2118 ·

80 2172 155 2204 em
170 2191 183 2212 ‚
199 2173 335 2222 quam
347 2168 398 2206 ut
408 2159 601 2207 modum
612 2169 776 2220 ponant
800 2160 820 2220 (
832 2170 881 2205 ut
892 2156 956 2204 illi
969 2157 1048 2203 ob-

958 2233 1054 2270 ten—
