1320 2490
230 162 266 210 4
342 149 613 195 ANDREAE
648 148 804 196 MAX.
843 149 1101 197 F'anno

231 233 378 287 fami,
392 234 491 296 spe,
517 245 667 287 metu,
693 250 870 289 amore,
896 235 1131 298 opinione,
1158 251 1226 281 ie-

233 299 282 364 sp
285 301 413 353 cetu,
450 299 716 363 plerumque
737 270 949 347 deteliora
970 300 1224 364 sequimur,

229 382 368 429 quam
394 365 517 427 quod
527 365 705 412 salubris
728 366 896 412 consilii
910 366 1229 413 meliorsmsin

229 447 388 478 arcano
411 442 558 484 tenet,
596 431 740 494 plures
764 430 871 478 vero
894 431 1019 479 ocull
1025 432 1150 495 plura
1163 433 1229 478 vi-

229 497 338 543 dent
350 512 487 559 quam
499 514 640 551 unus,
678 513 823 561 neque
850 514 996 545 unum
1007 497 1129 561 posse
1143 498 1226 545 ho-

156 613 179 624 s
233 561 409 614 minem
444 562 620 610 scientia
652 562 726 610 sua
776 565 935 610 cumita
969 563 1223 626 complesti

227 630 331 694 Jam
355 628 388 675 fi
401 627 554 703 aliquis
566 629 841 692 privatorum
862 629 1133 677 inconsultus
1160 646 1229 676 er·

233 710 311 740 mv
312 695 416 743 erit*
459 695 522 741 uti
543 694 673 741 unius
700 711 821 742 error
842 696 974 742 etiam
998 696 1127 741 unius
1152 696 1226 742 da-

232 775 400 807 mnum
413 752 499 815 est,
523 749 749 841 Princeps
768 778 849 808 nec
861 777 1001 808 errare
1023 777 1103 807 nec
1116 761 1230 808 ferre

231 818 452 873 damnum
475 828 641 890 potest,
668 843 805 890 quam
828 828 961 874 totius
984 827 1172 891 populi
1160 845 1226 873 1r1-

232 894 510 947 commodo,
537 894 662 966 cujus
675 893 790 939 bona
804 892 1022 955 malaque
1017 894 1069 938 ad
1084 895 1226 939 Rem

232 958 458 1021 'publicam
470 959 703 1021 pertinent.
730 960 864 1004 Inibit
878 960 1081 1021 Princeps
1094 975 1225 1022 agen-

231 1023 400 1070 dorum
424 1024 659 1070 confilium
673 1058 686 1077 ,
712 1036 762 1069 ut
774 1023 942 1071 facilius
956 1037 1229 1087 exequantur

231 1090 414 1151 populi,
442 1090 563 1153 quod
578 1090 726 1135 nonin
738 1089 952 1151 privatam
975 1090 1228 1153 imperantis

229 1155 480 1208 libidinem,
495 1155 566 1201 sed
579 1154 804 1217 publicam
816 1155 1049 1202 utilitatem
1064 1153 1086 1201 ὲ
1099 1171 1225 1201 com-

232 1221 561 1268 municonfilio
586 1220 842 1283 profe6³mm
857 1255 870 1274 ,
910 1221 965 1267 fit
987 1220 1092 1268 vero
1117 1221 1227 1267 illud

228 1287 434 1335 finctum
458 1289 503 1333 &
515 1303 694 1350 aequum
711 1321 723 1340 ,
738 1287 860 1349 quod
873 1287 1040 1349 privato
1053 1287 1240 1334 arbitrio*

230 1353 502 1417 imperatum
515 1352 647 1400 fuerit
661 1355 679 1397 ?
712 1365 861 1398 tamen
874 1354 992 1416 quafi
1005 1353 1225 1399 inconsul-

230 1431 334 1465 t'um
350 1419 429 1472 fit,
466 1418 714 1464 diffidenter
747 1421 792 1465 &
817 1419 992 1464 minore
1013 1419 1243 1464 alacritate<

229 1484 462 1547 suscipient
482 1500 601 1546 popu
590 1483 635 1530 ili
649 1484 975 1546 exequendum.
1017 1486 1239 1547 Qatuor¹

229 1548 337 1598 vero
350 1550 456 1596 boni
469 1549 635 1596 confilii
647 1560 859 1615 praecepta
870 1549 1120 1612 Principem
1145 1549 1225 1595 ob-

227 1615 396 1663 servare
407 1616 665 1680 oportuerit.
682 1617 839 1668 Prima,
844 1628 894 1661 ut
903 1614 1072 1661 sublato
1085 1614 1225 1662 offen-

225 1681 284 1729 sae
308 1693 433 1728 metu
456 1682 702 1728 libertatem
738 1681 899 1745 cuique
908 1681 1133 1744 permittat
1144 1697 1228 1743 pro

228 1747 406 1794 arbitrio
430 1748 640 1795 sentiendi
665 1764 764 1811 quae
787 1747 892 1794 velit
917 1781 930 1801 ,
967 1763 1017 1793 ac
1039 1747 1226 1810 proinde

227 1813 407 1861 :sensum
418 1814 550 1861 suum
563 1830 619 1860 ne
629 1814 810 1876 prodat,
838 1830 973 1877 quam
989 1813 1034 1859 in
1050 1825 1221 1876 partem

227 1879 398 1935 confilii
423 1880 603 1927 inclinet
626 1880 715 1943 ipse
740 1915 752 1932 ,
787 1879 861 1926 sed
884 1897 982 1926 rem
1005 1896 1086 1942 pro
1099 1878 1223 1925 sensu

221 1944 443 2008 cujusque
465 1945 815 1993 discutiendam
804 1963 850 1994 m
884 1946 1034 1992 medio
1069 1945 1223 1991 tacitus

224 2011 472 2093 relinxzq'uat
496 2028 552 2058 ne
576 2012 747 2058 caufinn
782 2012 950 2076 ingerat
972 2010 1223 2058 affentiendi

227 2075 376 2140 potius
389 2094 526 2140 quam
540 2078 740 2124 censendi
754 2094 809 2124 ex
820 2077 1061 2141 captatione
1073 2077 1221 2141 gratiae

227 2145 498 2191 tuendorum
510 2143 723 2207 Principis
734 2143 1027 2227 placitorum,
1045 2142 1219 2206 praeser-

224 2210 312 2260 tim
333 2210 375 2260 fi
390 2209 443 2259 fit
467 2210 712 2278 PrincePS,
747 2212 900 2260 natura
921 2210 1117 2259 nimium
1141 2208 1221 2254 fibi

1092 2290 1219 2324 ςοηιΞ
