1320 2490
194 117 434 162 Scnipr.
470 114 884 160 FRAGMENTA.
951 118 1041 175 165

0 208 3 215 '
49 198 158 261 pulo
178 214 408 246 armorum
432 199 477 245 δί
490 196 735 244 rebellionis
747 197 862 244 foret
871 197 1044 261 conspi-

0 274 5 320 ζ
39 264 173 310 ratio.
213 267 270 310 Et
292 266 362 313 vel
374 264 428 312 ab
440 263 522 310 hac
534 263 686 309 endem
711 261 833 310 causa
853 263 1043 311 diverso-

0 340 6 348 ·
51 346 157 375 rum
183 325 344 379 anobis
367 332 536 378 rituum
550 363 564 384 ,
588 329 664 375 vix
686 328 893 392 sperarim
914 330 1046 378 Livo-

0 397 7 425 ⁵
51 395 173 441 niam
185 395 236 441 ad
250 413 330 444 nos
342 397 583 445 redituram
601 428 614 448 ,
641 407 716 442 aut
731 394 852 442 illam
865 395 1047 446 alteram

0 472 8 480 ·
52 459 178 507 nobis
200 463 457 525 propiorem
483 461 654 508 fidelius
677 462 842 524 diuque
864 462 911 508 in
925 461 1050 509 obse-

3 547 8 563 =
52 526 160 589 quio
181 529 538 589 permansuram,
580 525 820 589 praesertim
844 527 958 573 dum
980 544 1050 575 ac-

0 594 8 622 *
52 591 176 638 ceffit
189 593 392 649 vestitus,
417 593 608 657 linguae,
632 607 681 638 ac
692 608 770 655 per
781 593 935 640 omnia
947 610 1047 640 mo-

0 660 8 688 ²
52 673 158 703 rum
172 659 419 714 diversitas,
442 674 599 706 omnes
623 670 734 721 aptae
745 658 800 705 ad
811 657 1048 706 distrahen-

53 722 166 768 dum
179 724 339 779 causae,
365 724 484 773 nulla
499 724 552 771 ad
564 724 837 772 retinendam
859 725 1049 788 conjun-

0 816 2 819 ·
51 787 268 837 ffionem.

121 855 265 902 Inscio
274 867 318 902 te
332 872 389 902 ne
400 856 508 903 fiant
518 854 821 904 conventicula
833 891 846 911 ,
871 854 968 904 imo
983 872 1052 905 m-

6 946 10 960 2
53 919 143 983 pita
164 921 458 969 conventiculi
471 922 578 985 puni
601 920 772 976 severe,
798 933 873 969 aut
896 923 1053 971 ficon-

55 986 404 1034 veniatinfimul
438 987 628 1050 populus
651 957 901 1042 seditiosu8‚
940 988 1054 1042 habe

0 1056 9 1100 :-
52 1051 225 1115 aliquos
238 1063 417 1100 tuarum
429 1054 622 1118 partium
635 1070 712 1119 qui
701 1054 986 1103 diffuadeant
1008 1058 1056 1103 &

0 1123 9 1196 ’ἶ
55 1117 305 1165 distrahant.

123 1184 449 1233 Conventicula
489 1184 807 1233 conventiculis
841 1185 1055 1241 distrahe,

0 1254 6 1284 ²
56 1248 169 1296 cum
181 1250 366 1298 seditiofi
379 1264 650 1299 conventum
664 1251 849 1305 habent,
873 1262 922 1298 tu
946 1252 1056 1299 item

0 1715 7 1743 ⁸-
0 1650 6 1676 -
0 1594 5 1601 .
0 1517 4 1545 —
0 1457 1 1462 Α

0 2046 10 2140 ωτι,

57 1315 175 1363 aliud
186 1315 267 1363 sub
289 1317 409 1363 idem
420 1329 597 1380 ternpus
610 1332 816 1363 convoca.

126 1382 359 1428 Discordes
382 1394 582 1444 potentes
605 1381 943 1435 reconciliandi,
983 1392 1058 1429 aut

59 1446 193 1494 etiam
206 1447 469 1493 distrahendi
491 1447 524 1493 fi
538 1447 776 1494 concordes
801 1448 943 1494 fintin
962 1465 1055 1494 rna-

62 1511 176 1565 lum,
188 1509 351 1559 verum
362 1511 539 1559 summa
551 1513 854 1560 moderatione
864 1515 1055 1576 pruden-
1110 1575 1113 1577 ‚

62 1577 159 1630 tiae,
174 1593 230 1624 ne
241 1576 461 1625 medendo
472 1578 570 1642 plus
582 1595 751 1626 noceas.

132 1644 311 1707 Magnae
334 1643 511 1690 familiae
544 1644 780 1707 impensius
816 1643 1060 1705 honoribus
1078 1701 1103 1707 -.

66 1711 110 1755 ὃς
123 1720 338 1783 proventu
362 1710 587 1762 curandae,
618 1726 724 1755 nam
746 1709 1026 1758 affuefastae
1012 1727 1062 1758 m

65 1773 182 1828 alto,
207 1776 379 1840 gravius
394 1774 548 1821 infima
570 1774 731 1821 ferunt.

135 1841 319 1904 Aliquid
332 1841 577 1902 petentibus
599 1841 961 1895 concedendum,
985 1840 1058 1887 sed

67 1917 219 1953 tamen
240 1907 432 1969 pericula
450 1907 566 1970 prius
589 1906 806 1955 seditionis
829 1911 874 1955 &
887 1907 1060 1970 petitio·

70 1972 136 2017 nis
149 1973 405 2033 objicienda.

139 2038 349 2084 Mittendi
361 2037 508 2085 secreti
530 2041 574 2085 &
586 2037 696 2085 fidi
683 2055 728 2086 m
740 2038 898 2103 vulgus
912 2055 1062 2085 corru-

73 2115 218 2167 ptores
231 2139 243 2157 ,
258 2103 310 2150 ad
322 2117 464 2167 portas
478 2105 562 2151 fint
571 2104 687 2151 obvii
702 2138 715 2158 ,
742 2120 845 2152 cum
861 2105 1000 2151 verbis
1014 2108 1060 2152 &

0 2178 10 2233 ᾖ·
74 2170 264 2235 praemiis
288 2170 450 2234 priores
474 2170 765 2234 fadhososque
801 2171 1062 2224 distrahant,

565 2239 610 2283 H
642 2254 672 2284 2
954 2236 1064 2283 sedi-
