1320 2490
216 88 454 131 SCR1PT.
492 85 895 130 FRAGMENTA.
967 96 1062 142 323

68 171 228 235 stripto
250 173 534 225 adst-ueram,
572 174 668 219 NE
705 174 1064 219 PRAEPON-

72 240 164 283 DE
181 240 224 283 R
239 241 272 284 E
289 242 330 283 T
354 273 366 292 ,
423 237 495 285 sed
540 238 822 284 commodius
846 235 869 283 ἐ
895 236 1057 283 Palatio

70 303 333 349 Varfizvienfi
348 338 360 357 ,
387 303 598 366 Aquilam
625 303 840 349 Polonam
858 337 868 354 ‚
892 301 1058 349 adscul-

51 397 53 400 -
72 380 151 431 pto
172 369 217 414 in
238 369 419 430 pedibus
442 368 646 414 fasciculo
668 368 881 414 frumenti
917 371 935 427 ζ
957 384 1058 430 quae

71 433 205 480 hodie
225 433 363 496 usque
384 434 430 479 in
452 433 651 479 cubiculo
675 433 879 494 impensis
903 436 943 476 V
947 434 1052 479 ladi-

66 499 142 546 ssai
176 501 252 544 IV
289 498 582 545 marmoribus
606 499 838 544 incrustato
867 498 1050 556 visitur)

66 564 327 626 depromere
373 565 552 617 visum,
622 580 727 610 curn
772 563 1054 625 inscriptione

43 631 266 676 {PANE
282 631 333 675 M
434 632 602 676 NON
669 631 1052 676 -FULMINA

42 695 299 757 Majestatis
320 696 474 759 Regiae
494 695 646 768 fulgor
668 711 746 757 per
756 693 942 757 seipsum
955 711 1053 758 per-

0 778 1 783 *
40 760 222 823 istringa
222 760 404 807 toculos
417 761 644 808 &terroris
665 772 982 824 argumentum
1002 761 1057 807 fit

60 824 481 874 inanimislubditor
483 844 592 883 um,
613 843 666 872 ve
645 826 682 872 ι’1
705 828 796 872 fine
806 826 1054 873 fulminum

38 892 334 947 :minacitate,
361 893 468 956 quid
490 893 523 939 fi
547 893 644 939 haec
665 892 963 939 stemmatibus
975 909 1051 955 ap-

36 957 320 1022 gpingsmtur
310 962 326 993 Ρ
341 959 448 1022 quid
460 958 492 1004 fi
506 957 694 1005 fulmina
703 958 811 1004 ferat
823 959 1050 1020 Majestas,

0 1058 6 1067 .
35 1024 193 1072 :rarius
218 1025 405 1090 gratiam
428 1024 670 1088 loquatur.
659 1028 676 1058 ²
725 1026 833 1071 Non
861 1021 976 1070 certe
999 1025 1051 1071 in

2 1115 4 1119 ν
33 1107 37 1151 f
55 1090 210 1152 populi
241 1090 415 1138 auribus
447 1106 539 1138 vox
583 1091 671 1138 ulla
706 1089 848 1154 magis
891 1089 1059 1138 ten-ori

32 1153 195 1220 quum
207 1156 418 1219 Principis
430 1155 510 1211 fit,
534 1172 616 1204 nec
637 1156 718 1203 ulli
739 1156 819 1203 fiib
839 1155 930 1203 sole
952 1172 1050 1204 ma-

31 1221 432 1286 gispericulosum
456 1222 510 1270 fit
531 1222 663 1270 suum
690 1238 885 1276 nomen,
909 1220 1058 1286 qurhn

53 1288 201 1335 vocari
213 1300 287 1335 aut
308 1289 393 1335 dici
419 1291 612 1362 Regem.
651 1290 821 1335 Praestat
842 1288 978 1352 igitur
1000 1297 1053 1335 ut

51 1352 321 1418 intelligatur
354 1371 378 1399 3
421 1354 626 1417 potentiae
661 1357 707 1401 &
741 1353 1049 1416 superioritatis

56 1419 364 1473 aestimatione,
390 1418 528 1482 qum
538 1419 733 1466 videatur
756 1420 806 1466 in
821 1420 1049 1481 Majestate

49 1495 229 1539 terror,
218 1505 227 1513 ·
266 1485 455 1549 AEquior
480 1486 634 1549 utique
665 1486 711 1531 in
735 1485 836 1532 suos
881 1484 1051 1548 Aquila

50 1550 244 1603 Polona,
275 1567 383 1597 cum
396 1567 442 1596 in
463 1552 570 1599 statu
585 1550 752 1615 legibus
775 1549 1049 1598 circumscri-

47 1627 157 1679 pto,
206 1617 482 1678 Maiestatem
508 1615 633 1663 suam
654 1633 745 1662 non
778 1615 824 1662 in
848 1615 1044 1678 potentia

48 1681 272 1736 nocendi,
306 1681 417 1728 sed
405 1698 450 1728 m
474 1683 685 1744 potestate
713 1680 825 1728 bene
858 1681 1044 1728 faciendi

47 1746 280 1795 fundatam
302 1747 462 1794 habere
483 1747 689 1801 mavult,
738 1748 853 1794 dona
872 1746 1048 1811 gratiofi

43 1814 194 1879 jovis,
219 1829 312 1860 non
332 1830 453 1860 arma
475 1814 604 1867 irata,
642 1813 814 1877 populis
836 1811 1045 1867 ferendo,

49 1879 83 1925 fi
105 1880 228 1932 enim
243 1879 317 1925 hic
342 1895 580 1942 poenarum
603 1879 772 1925 decreta
796 1880 898 1925 Rex
909 1879 1046 1931 ferat,

47 1961 141 1992 non
157 1947 296 2009 potest
328 1947 421 1994 fine
443 1946 632 1999 caeteris,
665 1943 763 1991 imo
786 1945 985 1991 neminem
1004 1941 1048 2008 se

47 2015 344 2075 captivaturum
375 2010 554 2074 nffijure
577 2013 773 2061 wiffam,
811 2011 1042 2073 juramen

46 2087 148 2124 tum
160 2077 288 2139 super
300 2093 348 2123 ea
357 2076 456 2141 lege
466 2077 672 2140 deponit,
700 2077 733 2122 fi
747 2076 851 2122 vero
863 2075 1046 2139 praemia

42 2140 91 2189 in
114 2143 406 2192 benemeritos
419 2142 646 2209 largiatur,
671 2142 788 2192 solus
806 2142 901 2190 fine
914 2152 1044 2190 caete-

984 2205 1043 2255 ris
