<?xml version="1.0" encoding="UTF-8"?>
<!DOCTYPE html PUBLIC "-//W3C//DTD XHTML 1.0 Transitional//EN"
    "http://www.w3.org/TR/xhtml1/DTD/xhtml1-transitional.dtd">
<html xmlns="http://www.w3.org/1999/xhtml" xml:lang="en" lang="en">
 <head>
  <title>
</title>
<meta http-equiv="Content-Type" content="text/html;charset=utf-8" />
  <meta name='ocr-system' content='tesseract 3.04.00' />
  <meta name='ocr-capabilities' content='ocr_page ocr_carea ocr_par ocr_line ocrx_word'/>
</head>
<body>
  <div class='ocr_page' id='page_1' title='image "./andreaemaximilia00fred_0125.png"; bbox 0 0 1320 2490; ppageno 0'>
   <div class='ocr_carea' id='block_1_1' title="bbox 195 118 1033 177">
    <p class='ocr_par' dir='ltr' id='par_1_1' title="bbox 195 118 1033 177">
     <span class='ocr_line' id='line_1_1' title="bbox 195 118 1033 177; baseline -0.006 -13"><span class='ocrx_word' id='word_1_1' title='bbox 195 119 433 164; x_wconf 74' lang='lat' dir='ltr'>Scnxpr.</span> <span class='ocrx_word' id='word_1_2' title='bbox 472 118 873 162; x_wconf 70' lang='lat' dir='ltr'>FRAGMENTA.</span> <span class='ocrx_word' id='word_1_3' title='bbox 943 129 1033 177; x_wconf 83' lang='lat'>115</span> 
     </span>
    </p>
   </div>
   <div class='ocr_carea' id='block_1_2' title="bbox 31 207 1059 2241">
    <p class='ocr_par' dir='ltr' id='par_1_2' title="bbox 44 207 1033 323">
     <span class='ocr_line' id='line_1_2' title="bbox 44 207 1033 273; baseline -0.001 -16"><span class='ocrx_word' id='word_1_4' title='bbox 44 211 145 258; x_wconf 85' lang='lat' dir='ltr'>dare</span> <span class='ocrx_word' id='word_1_5' title='bbox 168 212 289 273; x_wconf 77' lang='lat' dir='ltr'>poss&#39;e</span> <span class='ocrx_word' id='word_1_6' title='bbox 304 209 531 262; x_wconf 87' lang='lat' dir='ltr'>videntur,</span> <span class='ocrx_word' id='word_1_7' title='bbox 562 210 659 272; x_wconf 80' lang='lat' dir='ltr'>jam</span> <span class='ocrx_word' id='word_1_8' title='bbox 681 210 916 271; x_wconf 69' lang='lat' dir='ltr'>corrupere</span> <span class='ocrx_word' id='word_1_9' title='bbox 933 207 1033 272; x_wconf 87' lang='lat' dir='ltr'>plu-</span> 
     </span>
     <span class='ocr_line' id='line_1_3' title="bbox 44 293 195 323; baseline 0 -1"><span class='ocrx_word' id='word_1_10' title='bbox 44 293 195 323; x_wconf 78' lang='lat' dir='ltr'>runos.</span> 
     </span>
    </p>

    <p class='ocr_par' dir='ltr' id='par_1_3' title="bbox 47 339 1037 537">
     <span class='ocr_line' id='line_1_4' title="bbox 112 339 1037 406; baseline -0.003 -17"><span class='ocrx_word' id='word_1_11' title='bbox 112 345 455 406; x_wconf 85' lang='lat' dir='ltr'>Nonnunquam</span> <span class='ocrx_word' id='word_1_12' title='bbox 490 340 734 388; x_wconf 88' lang='lat' dir='ltr'>mulierum</span> <span class='ocrx_word' id='word_1_13' title='bbox 753 339 912 405; x_wconf 88' lang='lat' dir='ltr'>legatio</span> <span class='ocrx_word' id='word_1_14' title='bbox 931 353 1037 403; x_wconf 85' lang='lat' dir='ltr'>pro-·</span> 
     </span>
     <span class='ocr_line' id='line_1_5' title="bbox 47 406 1037 470; baseline 0 -16"><span class='ocrx_word' id='word_1_15' title='bbox 47 406 134 454; x_wconf 82' lang='lat' dir='ltr'>fuit</span> <span class='ocrx_word' id='word_1_16' title='bbox 158 424 212 454; x_wconf 88' lang='lat' dir='ltr'>ex</span> <span class='ocrx_word' id='word_1_17' title='bbox 225 420 374 454; x_wconf 87' lang='lat' dir='ltr'>natura</span> <span class='ocrx_word' id='word_1_18' title='bbox 396 407 648 470; x_wconf 86' lang='lat' dir='ltr'>legationis,</span> <span class='ocrx_word' id='word_1_19' title='bbox 672 407 794 452; x_wconf 88' lang='lat' dir='ltr'>velut</span> <span class='ocrx_word' id='word_1_20' title='bbox 818 406 1037 454; x_wconf 83' lang='lat' dir='ltr'>Romanis</span> 
     </span>
     <span class='ocr_line' id='line_1_6' title="bbox 47 467 1034 537; baseline 0 -19"><span class='ocrx_word' id='word_1_21' title='bbox 47 473 203 519; x_wconf 83' lang='lat' dir='ltr'>Vetm</span> <span class='ocrx_word' id='word_1_22' title='bbox 192 490 242 519; x_wconf 87' lang='lat' dir='ltr'>1ae</span> <span class='ocrx_word' id='word_1_23' title='bbox 264 467 424 537; x_wconf 84' lang='lat' dir='ltr'>legatio</span> <span class='ocrx_word' id='word_1_24' title='bbox 459 473 512 518; x_wconf 88' lang='lat' dir='ltr'>ad</span> <span class='ocrx_word' id='word_1_25' title='bbox 537 471 828 519; x_wconf 88' lang='lat' dir='ltr'>Coriolanum</span> <span class='ocrx_word' id='word_1_26' title='bbox 850 471 1034 534; x_wconf 86' lang='lat' dir='ltr'>profuit.</span> 
     </span>
    </p>

    <p class='ocr_par' dir='ltr' id='par_1_4' title="bbox 31 537 1050 1374">
     <span class='ocr_line' id='line_1_7' title="bbox 114 537 1039 600; baseline 0 -16"><span class='ocrx_word' id='word_1_27' title='bbox 114 538 347 584; x_wconf 89' lang='lat' dir='ltr'>Prohibeat</span> <span class='ocrx_word' id='word_1_28' title='bbox 382 538 584 598; x_wconf 83' lang='lat' dir='ltr'>Princeps</span> <span class='ocrx_word' id='word_1_29' title='bbox 619 537 763 600; x_wconf 87' lang='lat' dir='ltr'>legato</span> <span class='ocrx_word' id='word_1_30' title='bbox 807 539 860 583; x_wconf 91' lang='lat' dir='ltr'>ad</span> <span class='ocrx_word' id='word_1_31' title='bbox 895 537 1039 585; x_wconf 84' lang='lat' dir='ltr'>hostes</span> 
     </span>
     <span class='ocr_line' id='line_1_8' title="bbox 47 601 1043 666; baseline -0.002 -16"><span class='ocrx_word' id='word_1_32' title='bbox 47 604 170 650; x_wconf 89' lang='lat' dir='ltr'>eunti</span> <span class='ocrx_word' id='word_1_33' title='bbox 194 608 298 664; x_wconf 87' lang='lat' dir='ltr'>(aut</span> <span class='ocrx_word' id='word_1_34' title='bbox 311 605 363 650; x_wconf 87' lang='lat' dir='ltr'>ad</span> <span class='ocrx_word' id='word_1_35' title='bbox 375 603 566 666; x_wconf 85' lang='lat' dir='ltr'>aliquam</span> <span class='ocrx_word' id='word_1_36' title='bbox 588 601 829 664; x_wconf 67' lang='lat' dir='ltr'>suspectam</span> <span class='ocrx_word' id='word_1_37' title='bbox 855 613 1043 665; x_wconf 88' lang='lat' dir='ltr'>gentem</span> 
     </span>
     <span class='ocr_line' id='line_1_9' title="bbox 47 666 1039 726; baseline 0 -10"><span class='ocrx_word' id='word_1_38' title='bbox 47 670 167 716; x_wconf 89' lang='lat' dir='ltr'>unde</span> <span class='ocrx_word' id='word_1_39' title='bbox 190 666 396 716; x_wconf 85' lang='lat' dir='ltr'>hostilitas</span> <span class='ocrx_word' id='word_1_40' title='bbox 407 668 623 715; x_wconf 87' lang='lat' dir='ltr'>emersura</span> <span class='ocrx_word' id='word_1_41' title='bbox 635 668 718 726; x_wconf 80' lang='lat' dir='ltr'>sit)</span> <span class='ocrx_word' id='word_1_42' title='bbox 743 685 799 714; x_wconf 92' lang='lat' dir='ltr'>ne</span> <span class='ocrx_word' id='word_1_43' title='bbox 809 667 967 714; x_wconf 83' lang='lat' dir='ltr'>lascivo</span> <span class='ocrx_word' id='word_1_44' title='bbox 991 671 1039 716; x_wconf 70' lang='grc' dir='ltr'>δε</span> 
     </span>
     <span class='ocr_line' id='line_1_10' title="bbox 46 730 1042 798; baseline 0 -18"><span class='ocrx_word' id='word_1_45' title='bbox 46 734 228 798; x_wconf 85' lang='lat' dir='ltr'>profuso</span> <span class='ocrx_word' id='word_1_46' title='bbox 241 735 470 796; x_wconf 88' lang='lat' dir='ltr'>splendore</span> <span class='ocrx_word' id='word_1_47' title='bbox 482 768 495 788; x_wconf 89' lang='lat'>,</span> <span class='ocrx_word' id='word_1_48' title='bbox 520 746 613 781; x_wconf 91' lang='lat' dir='ltr'>tam</span> <span class='ocrx_word' id='word_1_49' title='bbox 624 734 671 780; x_wconf 82' lang='lat' dir='ltr'>in</span> <span class='ocrx_word' id='word_1_50' title='bbox 694 735 807 780; x_wconf 83' lang='lat' dir='ltr'>veste</span> <span class='ocrx_word' id='word_1_51' title='bbox 818 730 954 797; x_wconf 74' lang='lat' dir='ltr'>quam</span> <span class='ocrx_word' id='word_1_52' title='bbox 968 751 1042 780; x_wconf 86' lang='lat' dir='ltr'>or·</span> 
     </span>
     <span class='ocr_line' id='line_1_11' title="bbox 38 798 1043 864; baseline 0 -18"><span class='ocrx_word' id='word_1_53' title='bbox 38 801 266 847; x_wconf 80' lang='lat' dir='ltr'>namentis</span> <span class='ocrx_word' id='word_1_54' title='bbox 281 817 504 863; x_wconf 89' lang='lat' dir='ltr'>equorum</span> <span class='ocrx_word' id='word_1_55' title='bbox 513 811 659 847; x_wconf 87' lang='lat' dir='ltr'>utatur</span> <span class='ocrx_word' id='word_1_56' title='bbox 672 798 761 862; x_wconf 86' lang='lat' dir='ltr'>ipse</span> <span class='ocrx_word' id='word_1_57' title='bbox 773 834 787 854; x_wconf 94' lang='lat'>,</span> <span class='ocrx_word' id='word_1_58' title='bbox 805 802 849 846; x_wconf 87' lang='lat'>&amp;</span> <span class='ocrx_word' id='word_1_59' title='bbox 861 798 927 846; x_wconf 86' lang='lat' dir='ltr'>sui</span> <span class='ocrx_word' id='word_1_60' title='bbox 940 833 953 853; x_wconf 94' lang='lat'><strong>,</strong></span> <span class='ocrx_word' id='word_1_61' title='bbox 967 799 1043 864; x_wconf 84' lang='lat' dir='ltr'>sed</span> 
     </span>
     <span class='ocr_line' id='line_1_12' title="bbox 31 865 1042 930; baseline -0.001 -17"><span class='ocrx_word' id='word_1_62' title='bbox 31 865 195 930; x_wconf 78' lang='lat' dir='ltr'>,potius</span> <span class='ocrx_word' id='word_1_63' title='bbox 220 865 354 912; x_wconf 86' lang='lat' dir='ltr'>fortes</span> <span class='ocrx_word' id='word_1_64' title='bbox 380 866 521 919; x_wconf 88' lang='lat' dir='ltr'>viros,</span> <span class='ocrx_word' id='word_1_65' title='bbox 556 865 779 919; x_wconf 80' lang='lat' dir='ltr'>robustOS,</span> <span class='ocrx_word' id='word_1_66' title='bbox 814 865 1042 929; x_wconf 85' lang='lat' dir='ltr'>magnani-</span> 
     </span>
     <span class='ocr_line' id='line_1_13' title="bbox 32 931 1045 994; baseline -0.002 -14"><span class='ocrx_word' id='word_1_67' title='bbox 32 947 152 980; x_wconf 56' lang='lat' dir='ltr'>=mos</span> <span class='ocrx_word' id='word_1_68' title='bbox 165 965 179 985; x_wconf 97' lang='lat'>,</span> <span class='ocrx_word' id='word_1_69' title='bbox 205 933 250 978; x_wconf 88' lang='lat'>&amp;</span> <span class='ocrx_word' id='word_1_70' title='bbox 273 947 469 994; x_wconf 91' lang='lat' dir='ltr'>quorum</span> <span class='ocrx_word' id='word_1_71' title='bbox 490 931 536 977; x_wconf 84' lang='lat' dir='ltr'>in</span> <span class='ocrx_word' id='word_1_72' title='bbox 559 931 667 977; x_wconf 88' lang='lat' dir='ltr'>facie</span> <span class='ocrx_word' id='word_1_73' title='bbox 687 931 884 978; x_wconf 82' lang='lat' dir='ltr'>militaris</span> <span class='ocrx_word' id='word_1_74' title='bbox 905 931 1045 978; x_wconf 86' lang='lat' dir='ltr'>virtus</span> 
     </span>
     <span class='ocr_line' id='line_1_14' title="bbox 31 996 1046 1061; baseline 0.004 -21"><span class='ocrx_word' id='word_1_75' title='bbox 31 996 138 1061; x_wconf 52' lang='lat' dir='ltr'>*legi</span> <span class='ocrx_word' id='word_1_76' title='bbox 160 996 320 1060; x_wconf 68' lang='lat' dir='ltr'>possit,</span> <span class='ocrx_word' id='word_1_77' title='bbox 347 996 498 1043; x_wconf 88' lang='lat' dir='ltr'>secum</span> <span class='ocrx_word' id='word_1_78' title='bbox 526 997 693 1050; x_wconf 86' lang='lat' dir='ltr'>trahat,</span> <span class='ocrx_word' id='word_1_79' title='bbox 731 1013 926 1060; x_wconf 88' lang='lat' dir='ltr'>quorum</span> <span class='ocrx_word' id='word_1_80' title='bbox 952 1013 1046 1044; x_wconf 87' lang='lat' dir='ltr'>non</span> 
     </span>
     <span class='ocr_line' id='line_1_15' title="bbox 48 1061 1043 1126; baseline 0.001 -18"><span class='ocrx_word' id='word_1_81' title='bbox 48 1062 158 1109; x_wconf 86' lang='lat' dir='ltr'>alius</span> <span class='ocrx_word' id='word_1_82' title='bbox 169 1061 315 1108; x_wconf 89' lang='lat' dir='ltr'>sermo</span> <span class='ocrx_word' id='word_1_83' title='bbox 328 1063 407 1115; x_wconf 88' lang='lat' dir='ltr'>fit,</span> <span class='ocrx_word' id='word_1_84' title='bbox 421 1062 501 1108; x_wconf 78' lang='lat' dir='ltr'>nisi</span> <span class='ocrx_word' id='word_1_85' title='bbox 512 1063 567 1109; x_wconf 92' lang='lat' dir='ltr'>de</span> <span class='ocrx_word' id='word_1_86' title='bbox 577 1063 734 1116; x_wconf 87' lang='lat' dir='ltr'>armis,</span> <span class='ocrx_word' id='word_1_87' title='bbox 750 1079 866 1126; x_wconf 88' lang='lat' dir='ltr'>equo</span> <span class='ocrx_word' id='word_1_88' title='bbox 880 1065 925 1110; x_wconf 87' lang='lat'>&amp;</span> <span class='ocrx_word' id='word_1_89' title='bbox 936 1063 1043 1116; x_wconf 87' lang='lat' dir='ltr'>acie,</span> 
     </span>
     <span class='ocr_line' id='line_1_16' title="bbox 32 1127 1047 1191; baseline 0.001 -16"><span class='ocrx_word' id='word_1_90' title='bbox 32 1154 33 1175; x_wconf 65' lang='lat'><em>÷</em></span> <span class='ocrx_word' id='word_1_91' title='bbox 50 1129 196 1191; x_wconf 89' lang='lat' dir='ltr'>potius</span> <span class='ocrx_word' id='word_1_92' title='bbox 210 1128 453 1175; x_wconf 79' lang='lat' dir='ltr'>militariter</span> <span class='ocrx_word' id='word_1_93' title='bbox 476 1127 497 1190; x_wconf 88' lang='lat'>(</span> <span class='ocrx_word' id='word_1_94' title='bbox 511 1127 690 1175; x_wconf 83' lang='lat' dir='ltr'>honeste</span> <span class='ocrx_word' id='word_1_95' title='bbox 704 1129 875 1186; x_wconf 89' lang='lat' dir='ltr'>tamen)</span> <span class='ocrx_word' id='word_1_96' title='bbox 899 1144 1047 1191; x_wconf 86' lang='lat' dir='ltr'>panno</span> 
     </span>
     <span class='ocr_line' id='line_1_17' title="bbox 51 1191 1047 1258; baseline 0 -18"><span class='ocrx_word' id='word_1_97' title='bbox 51 1194 311 1248; x_wconf 85' lang='lat' dir='ltr'>vestiantur,</span> <span class='ocrx_word' id='word_1_98' title='bbox 333 1209 470 1258; x_wconf 84' lang='lat' dir='ltr'>quam</span> <span class='ocrx_word' id='word_1_99' title='bbox 483 1191 647 1247; x_wconf 86' lang='lat' dir='ltr'>aulice,</span> <span class='ocrx_word' id='word_1_100' title='bbox 673 1194 870 1240; x_wconf 90' lang='lat' dir='ltr'>molliori</span> <span class='ocrx_word' id='word_1_101' title='bbox 882 1194 1017 1240; x_wconf 86' lang='lat' dir='ltr'>serico</span> <span class='ocrx_word' id='word_1_102' title='bbox 1031 1227 1047 1249; x_wconf 93' lang='lat'>‚</span> 
     </span>
     <span class='ocr_line' id='line_1_18' title="bbox 52 1257 1050 1324; baseline 0 -17"><span class='ocrx_word' id='word_1_103' title='bbox 52 1276 189 1323; x_wconf 86' lang='lat' dir='ltr'>equos</span> <span class='ocrx_word' id='word_1_104' title='bbox 202 1257 306 1306; x_wconf 73' lang='lat' dir='ltr'>vero</span> <span class='ocrx_word' id='word_1_105' title='bbox 319 1260 580 1324; x_wconf 74' lang='lat' dir='ltr'>generositas</span> <span class='ocrx_word' id='word_1_106' title='bbox 599 1259 673 1306; x_wconf 87' lang='lat' dir='ltr'>sua</span> <span class='ocrx_word' id='word_1_107' title='bbox 689 1275 780 1306; x_wconf 91' lang='lat' dir='ltr'>non</span> <span class='ocrx_word' id='word_1_108' title='bbox 791 1271 1050 1307; x_wconf 85' lang='lat' dir='ltr'>ornamenta</span> 
     </span>
     <span class='ocr_line' id='line_1_19' title="bbox 55 1326 435 1374; baseline -0.008 0"><span class='ocrx_word' id='word_1_109' title='bbox 55 1326 435 1374; x_wconf 87' lang='lat' dir='ltr'>recommendent.</span> 
     </span>
    </p>

    <p class='ocr_par' dir='ltr' id='par_1_5' title="bbox 54 1388 1056 1844">
     <span class='ocr_line' id='line_1_20' title="bbox 104 1388 1056 1454; baseline 0.001 -17"><span class='ocrx_word' id='word_1_110' title='bbox 104 1391 268 1454; x_wconf 85' lang='lat' dir='ltr'>Aliqua</span> <span class='ocrx_word' id='word_1_111' title='bbox 277 1390 501 1437; x_wconf 85' lang='lat' dir='ltr'>secretiora</span> <span class='ocrx_word' id='word_1_112' title='bbox 513 1390 713 1437; x_wconf 88' lang='lat' dir='ltr'>mandata</span> <span class='ocrx_word' id='word_1_113' title='bbox 724 1388 941 1437; x_wconf 85' lang='lat' dir='ltr'>dabuntur</span> <span class='ocrx_word' id='word_1_114' title='bbox 952 1390 1056 1438; x_wconf 71' lang='lat' dir='ltr'>ore-‘</span> 
     </span>
     <span class='ocr_line' id='line_1_21' title="bbox 54 1455 1051 1520; baseline -0.001 -15"><span class='ocrx_word' id='word_1_115' title='bbox 54 1467 181 1505; x_wconf 86' lang='lat' dir='ltr'>tenus</span> <span class='ocrx_word' id='word_1_116' title='bbox 205 1457 349 1519; x_wconf 85' lang='lat' dir='ltr'>legato</span> <span class='ocrx_word' id='word_1_117' title='bbox 362 1489 374 1509; x_wconf 92' lang='lat'>,</span> <span class='ocrx_word' id='word_1_118' title='bbox 413 1473 505 1502; x_wconf 88' lang='lat' dir='ltr'>non</span> <span class='ocrx_word' id='word_1_119' title='bbox 540 1456 696 1517; x_wconf 88' lang='lat' dir='ltr'>scripta</span> <span class='ocrx_word' id='word_1_120' title='bbox 715 1455 885 1503; x_wconf 84' lang='lat' dir='ltr'>calamo</span> <span class='ocrx_word' id='word_1_121' title='bbox 899 1491 912 1510; x_wconf 93' lang='lat'>,</span> <span class='ocrx_word' id='word_1_122' title='bbox 949 1474 1051 1520; x_wconf 84' lang='lat' dir='ltr'>quae</span> 
     </span>
     <span class='ocr_line' id='line_1_22' title="bbox 58 1520 1052 1587; baseline 0 -18"><span class='ocrx_word' id='word_1_123' title='bbox 58 1522 158 1569; x_wconf 84' lang='lat' dir='ltr'>casu</span> <span class='ocrx_word' id='word_1_124' title='bbox 170 1521 333 1575; x_wconf 87' lang='lat' dir='ltr'>amiffa,</span> <span class='ocrx_word' id='word_1_125' title='bbox 347 1532 420 1568; x_wconf 89' lang='lat' dir='ltr'>aut</span> <span class='ocrx_word' id='word_1_126' title='bbox 432 1520 634 1568; x_wconf 70' lang='lat' dir='ltr'>insidiose</span> <span class='ocrx_word' id='word_1_127' title='bbox 648 1522 897 1583; x_wconf 84' lang='lat' dir='ltr'>intercepta,</span> <span class='ocrx_word' id='word_1_128' title='bbox 902 1523 1052 1587; x_wconf 85' lang='lat' dir='ltr'>negari</span> 
     </span>
     <span class='ocr_line' id='line_1_23' title="bbox 58 1587 1053 1650; baseline 0.002 -18"><span class='ocrx_word' id='word_1_129' title='bbox 58 1598 276 1650; x_wconf 79' lang='lat' dir='ltr'>neqth</span> <span class='ocrx_word' id='word_1_130' title='bbox 298 1589 432 1647; x_wconf 85' lang='lat' dir='ltr'>(nam</span> <span class='ocrx_word' id='word_1_131' title='bbox 456 1588 598 1650; x_wconf 82' lang='lat' dir='ltr'>aliqua</span> <span class='ocrx_word' id='word_1_132' title='bbox 626 1587 725 1633; x_wconf 84' lang='lat' dir='ltr'>sunt</span> <span class='ocrx_word' id='word_1_133' title='bbox 738 1604 836 1650; x_wconf 87' lang='lat' dir='ltr'>quae</span> <span class='ocrx_word' id='word_1_134' title='bbox 862 1587 952 1633; x_wconf 90' lang='lat' dir='ltr'>fine</span> <span class='ocrx_word' id='word_1_135' title='bbox 962 1600 1053 1634; x_wconf 87' lang='lat' dir='ltr'>arte</span> 
     </span>
     <span class='ocr_line' id='line_1_24' title="bbox 59 1651 1052 1717; baseline 0.001 -19"><span class='ocrx_word' id='word_1_136' title='bbox 59 1651 240 1717; x_wconf 84' lang='lat' dir='ltr'>perfici,</span> <span class='ocrx_word' id='word_1_137' title='bbox 255 1655 300 1698; x_wconf 89' lang='lat'>&amp;</span> <span class='ocrx_word' id='word_1_138' title='bbox 312 1651 402 1698; x_wconf 89' lang='lat' dir='ltr'>fine</span> <span class='ocrx_word' id='word_1_139' title='bbox 424 1653 584 1698; x_wconf 89' lang='lat' dir='ltr'>rubore</span> <span class='ocrx_word' id='word_1_140' title='bbox 595 1653 722 1715; x_wconf 88' lang='lat' dir='ltr'>prodi</span> <span class='ocrx_word' id='word_1_141' title='bbox 744 1669 836 1698; x_wconf 90' lang='lat' dir='ltr'>non</span> <span class='ocrx_word' id='word_1_142' title='bbox 852 1654 1052 1715; x_wconf 83' lang='lat' dir='ltr'>poffunt)</span> 
     </span>
     <span class='ocr_line' id='line_1_25' title="bbox 61 1716 1052 1794; baseline 0.002 -30"><span class='ocrx_word' id='word_1_143' title='bbox 61 1733 241 1794; x_wconf 85' lang='lat' dir='ltr'>magnae</span> <span class='ocrx_word' id='word_1_144' title='bbox 247 1716 381 1780; x_wconf 89' lang='lat' dir='ltr'>igitur</span> <span class='ocrx_word' id='word_1_145' title='bbox 393 1716 574 1780; x_wconf 79' lang='lat' dir='ltr'>sequelae</span> <span class='ocrx_word' id='word_1_146' title='bbox 586 1735 761 1772; x_wconf 87' lang='lat' dir='ltr'>arcana,</span> <span class='ocrx_word' id='word_1_147' title='bbox 786 1735 863 1765; x_wconf 89' lang='lat' dir='ltr'>au1</span> <span class='ocrx_word' id='word_1_148' title='bbox 863 1719 959 1765; x_wconf 89' lang='lat' dir='ltr'>ibus</span> <span class='ocrx_word' id='word_1_149' title='bbox 971 1735 1052 1782; x_wconf 90' lang='lat' dir='ltr'>po-</span> 
     </span>
     <span class='ocr_line' id='line_1_26' title="bbox 62 1781 701 1844; baseline -0.003 -13"><span class='ocrx_word' id='word_1_150' title='bbox 62 1785 149 1831; x_wconf 80' lang='lat' dir='ltr'>tius</span> <span class='ocrx_word' id='word_1_151' title='bbox 161 1799 298 1844; x_wconf 86' lang='lat' dir='ltr'>quam</span> <span class='ocrx_word' id='word_1_152' title='bbox 311 1781 473 1828; x_wconf 89' lang='lat' dir='ltr'>tabellis</span> <span class='ocrx_word' id='word_1_153' title='bbox 484 1784 701 1829; x_wconf 89' lang='lat' dir='ltr'>tradenda.</span> 
     </span>
    </p>

    <p class='ocr_par' dir='ltr' id='par_1_6' title="bbox 63 1848 1057 2241">
     <span class='ocr_line' id='line_1_27' title="bbox 132 1848 1055 1914; baseline 0.001 -18"><span class='ocrx_word' id='word_1_154' title='bbox 132 1851 475 1910; x_wconf 85' lang='lat' dir='ltr'>Nonnunquam</span> <span class='ocrx_word' id='word_1_155' title='bbox 519 1848 758 1896; x_wconf 82' lang='lat' dir='ltr'>mittuntur</span> <span class='ocrx_word' id='word_1_156' title='bbox 791 1849 955 1914; x_wconf 86' lang='lat' dir='ltr'>legati,</span> <span class='ocrx_word' id='word_1_157' title='bbox 1003 1860 1055 1898; x_wconf 86' lang='lat' dir='ltr'>ut</span> 
     </span>
     <span class='ocr_line' id='line_1_28' title="bbox 63 1912 1057 1976; baseline 0.002 -15"><span class='ocrx_word' id='word_1_158' title='bbox 63 1913 278 1962; x_wconf 89' lang='lat' dir='ltr'>nonnulla</span> <span class='ocrx_word' id='word_1_159' title='bbox 298 1912 524 1960; x_wconf 78' lang='lat' dir='ltr'>secretiora</span> <span class='ocrx_word' id='word_1_160' title='bbox 557 1930 632 1976; x_wconf 91' lang='lat' dir='ltr'>per</span> <span class='ocrx_word' id='word_1_161' title='bbox 653 1915 791 1961; x_wconf 85' lang='lat' dir='ltr'>literas</span> <span class='ocrx_word' id='word_1_162' title='bbox 814 1916 867 1961; x_wconf 87' lang='lat' dir='ltr'>ad</span> <span class='ocrx_word' id='word_1_163' title='bbox 879 1915 929 1962; x_wconf 86' lang='lat' dir='ltr'>se</span> <span class='ocrx_word' id='word_1_164' title='bbox 951 1916 1057 1963; x_wconf 84' lang='lat' dir='ltr'>mit-</span> 
     </span>
     <span class='ocr_line' id='line_1_29' title="bbox 64 1980 1057 2045; baseline 0.003 -19"><span class='ocrx_word' id='word_1_165' title='bbox 64 1991 212 2026; x_wconf 86' lang='lat' dir='ltr'>tantur</span> <span class='ocrx_word' id='word_1_166' title='bbox 225 1980 493 2039; x_wconf 85' lang='lat' dir='ltr'>exequenda,</span> <span class='ocrx_word' id='word_1_167' title='bbox 511 1980 644 2043; x_wconf 88' lang='lat' dir='ltr'>idque</span> <span class='ocrx_word' id='word_1_168' title='bbox 652 1992 758 2026; x_wconf 91' lang='lat' dir='ltr'>tunc</span> <span class='ocrx_word' id='word_1_169' title='bbox 771 1981 943 2028; x_wconf 77' lang='lat' dir='ltr'>nonnisi</span> <span class='ocrx_word' id='word_1_170' title='bbox 956 1998 1057 2045; x_wconf 88' lang='lat' dir='ltr'>ape-</span> 
     </span>
     <span class='ocr_line' id='line_1_30' title="bbox 64 2045 1054 2108; baseline 0.005 -18"><span class='ocrx_word' id='word_1_171' title='bbox 64 2045 265 2097; x_wconf 82' lang='lat' dir='ltr'>riendas,</span> <span class='ocrx_word' id='word_1_172' title='bbox 290 2060 397 2090; x_wconf 90' lang='lat' dir='ltr'>cum</span> <span class='ocrx_word' id='word_1_173' title='bbox 410 2045 528 2106; x_wconf 90' lang='lat' dir='ltr'>prius</span> <span class='ocrx_word' id='word_1_174' title='bbox 540 2046 702 2108; x_wconf 80' lang='lat' dir='ltr'>aliquid</span> <span class='ocrx_word' id='word_1_175' title='bbox 716 2047 945 2108; x_wconf 59' lang='lat' dir='ltr'>peractum</span> <span class='ocrx_word' id='word_1_176' title='bbox 959 2048 1054 2095; x_wconf 90' lang='lat' dir='ltr'>fue-</span> 
     </span>
     <span class='ocr_line' id='line_1_31' title="bbox 67 2110 1059 2176; baseline 0.006 -20"><span class='ocrx_word' id='word_1_177' title='bbox 67 2110 142 2164; x_wconf 86' lang='lat' dir='ltr'>rit,</span> <span class='ocrx_word' id='word_1_178' title='bbox 158 2113 203 2157; x_wconf 85' lang='lat'>&amp;</span> <span class='ocrx_word' id='word_1_179' title='bbox 216 2125 325 2156; x_wconf 87' lang='lat' dir='ltr'>curn</span> <span class='ocrx_word' id='word_1_180' title='bbox 341 2127 393 2157; x_wconf 94' lang='lat' dir='ltr'>eo</span> <span class='ocrx_word' id='word_1_181' title='bbox 406 2110 492 2157; x_wconf 91' lang='lat' dir='ltr'>loci</span> <span class='ocrx_word' id='word_1_182' title='bbox 505 2111 765 2173; x_wconf 87' lang='lat' dir='ltr'>temporisve</span> <span class='ocrx_word' id='word_1_183' title='bbox 777 2126 1059 2176; x_wconf 87' lang='lat' dir='ltr'>perventum,</span> 
     </span>
     <span class='ocr_line' id='line_1_32' title="bbox 74 2175 791 2241; baseline 0.009 -19"><span class='ocrx_word' id='word_1_184' title='bbox 74 2175 149 2223; x_wconf 85' lang='lat' dir='ltr'>ubi</span> <span class='ocrx_word' id='word_1_185' title='bbox 177 2176 433 2241; x_wconf 87' lang='lat' dir='ltr'>exequenda</span> <span class='ocrx_word' id='word_1_186' title='bbox 457 2175 558 2225; x_wconf 88' lang='lat' dir='ltr'>sunt</span> <span class='ocrx_word' id='word_1_187' title='bbox 578 2178 791 2228; x_wconf 82' lang='lat' dir='ltr'>mandata.</span> 
     </span>
    </p>
   </div>
   <div class='ocr_carea' id='block_1_3' title="bbox 557 2244 1064 2318">
    <p class='ocr_par' dir='ltr' id='par_1_7' title="bbox 557 2244 1064 2318">
     <span class='ocr_line' id='line_1_33' title="bbox 557 2244 1064 2318; baseline 0.006 -29"><span class='ocrx_word' id='word_1_188' title='bbox 557 2245 592 2289; x_wconf 94' lang='lat' dir='ltr'>F</span> <span class='ocrx_word' id='word_1_189' title='bbox 914 2244 1064 2318; x_wconf 79' lang='lat' dir='ltr'>Aliam</span> 
     </span>
    </p>
   </div>
   <div class='ocr_carea' id='block_1_4' title="bbox 0 0 53 2490">
    <p class='ocr_par' dir='ltr' id='par_1_8' title="bbox 0 0 53 2490">
     <span class='ocr_line' id='line_1_34' title="bbox 0 0 53 2490; baseline 0 0"><span class='ocrx_word' id='word_1_190' title='bbox 0 0 53 2490; x_wconf 95' lang='lat' dir='ltr'> </span> 
     </span>
    </p>
   </div>
  </div>
 </body>
</html>
