1320 2490
213 94 303 141 350
340 80 610 124 ANDREAE
646 77 799 121 MAx‘.
840 74 917 121 Fa
939 91 1096 121 1-3»ῃό

211 156 419 222 Principis
447 158 494 203 in
527 157 625 204 suos
662 158 901 204 diffidentia
923 192 936 212 ‚
987 161 1031 204 δε
1066 157 1206 204 fimul.

207 225 529 274 offendentium
550 223 769 270 suboritur
788 240 843 269 ex
866 223 1090 285 inopinato
1103 239 1198 268 me-

209 303 370 344 tus,ut
383 289 480 343 fiat,
504 290 535 334 fi
551 288 872 351 deprehendise
883 290 1079 342 videant,
1095 288 1199 335 levi·
1272 346 1273 349 Ἰ

209 371 274 405 ter
299 355 487 419 cogitata
511 389 524 408 ,
558 353 670 402 serio
710 355 919 416 perficere
961 366 1200 409 conentur,

207 422 432 470 remedium
479 424 739 484 periculorum
782 419 868 483 ipsa
892 422 1073 484 pericula
1107 425 1202 467 rati.

211 488 358 536 Etiam
384 486 618 533 in'mutuis
641 487 825 532 Civium
847 485 1020 533 offenfis
1035 521 1048 541 ,
1085 485 1203 532 diffi-
1274 479 1278 483 ⁴

211 552 399 602 mulatio
422 553 558 614 profit
570 587 582 606 ‚
597 553 687 625 *qui
700 552 820 598 enim
834 569 924 599 non
937 552 1028 598 disfi
1036 550 1175 599 mulat
1190 587 1204 606 ,

207 620 284 668 sed
307 635 389 681 pro
409 618 568 664 affectu
593 616 840 680 impetuose
866 619 1051 681 opponit
1071 617 1114 664 se
1136 618 1207 665 of-
1282 639 1283 642 ¹

209 684 408 739 sensis,
396 701 442 730 m
466 683 654 747 speciem
669 684 947 738 obviaturus,
973 695 1101 763 auget
1125 701 1205 746 po-

210 749 299 799 tius
324 753 368 798 ὃ(
394 763 531 796 lrl‘ltat
552 762 776 804 materlas,
809 767 911 830 qUae
934 747 1033 796 allas
1054 749 1214 814 sponte
1279 755 1283 759 ⁶

208 818 428 865 ceffaturae
449 816 733 890 sopirentur,
755 813 821 863 uti
846 816 1081 880 ignoratae,
1111 817 1210 880 qui-

211 882 396 930 busdam
419 883 540 929 enim
558 882 704 929 rebus
706 882 830 929 velut
850 882 1056 936 morbis,
1091 883 1207 946 opti-

210 965 347 996 mum
360 950 419 996 est
430 946 711 996 1emedium
694 966 717 994 a
728 959 956 1024 tempore,
969 960 1020 996 ut
1028 965 1084 996 eo
1097 949 1208 1013 ipso,

209 1015 441 1069 sanentur,
472 1014 574 1079 quia
593 1014 712 1063 nulla
735 1014 833 1079 iphs
854 1013 1045 1062 adhibita
1068 1015 1209 1062 medi-

211 1081 325 1129 cina
351 1083 462 1128 Non
472 1091 575 1128 atrae
589 1082 684 1129 bilis
697 1092 872 1129 tantum
884 1080 1062 1128 affestus
1085 1081 1206 1128 diffi-

209 1146 413 1197 mulandi
427 1147 618 1210 Principi
631 1181 645 1201 ,
669 1148 741 1196 sed
755 1149 887 1195 etiam
899 1148 1012 1195 bene
1025 1146 1209 1194 faciendi

208 1216 259 1262 &
270 1213 432 1260 amoris
445 1248 460 1267 ,
476 1230 541 1260 ne
550 1213 693 1261 statim
707 1231 755 1261 ac
764 1214 898 1278 aliqui
909 1213 1054 1277 prima
1064 1213 1213 1261 fronte
1274 1225 1275 1229 ’

208 1279 402 1342 Principi
431 1279 629 1342 placent,
656 1281 707 1327 iis
725 1296 910 1328 munera
931 1279 1210 1333 committat,

208 1360 284 1390 eos
298 1360 380 1405 pro
401 1345 697 1392 intimioribus
710 1345 910 1392 adsciscat
920 1361 1001 1406 pro
1014 1345 1209 1391 meliori-

207 1409 292 1457 bus
308 1408 558 1463 habiturus,
572 1426 674 1456 narn
683 1409 931 1475 serpentibm
945 1414 1067 1456 etiam
1079 1409 1206 1472 fiden-

208 1474 348 1522 didum
370 1478 481 1521 virus
501 1473 570 1538 sui
601 1489 875 1539 tegumentum
905 1488 1046 1523 natura
1071 1474 1207 1528 dedit,

213 1544 258 1589 &
283 1541 477 1588 lucentes
499 1541 677 1587 indulfit
696 1541 984 1604 squammas,
997 1556 1123 1587 cum
1147 1541 1208 1587 fe

211 1607 349 1653 ralem
373 1606 429 1652 de
461 1605 611 1652 subtus
646 1607 980 1653 comminentur
1014 1618 1214 1653 mortem

209 1672 515 1736 tangentibus,
539 1671 689 1734 saepius
718 1671 821 1718 vero
845 1672 922 1734 qui
940 1671 1141 1719 meliores
1167 1676 1213 1719 &
1264 1689 1269 1695 ⁸

211 1737 468 1785 Nobiliores
512 1738 692 1802 ingenio
716 1773 730 1792 ‚
780 1738 980 1784 moribus
1027 1738 1214 1784 modesti
1279 1741 1287 1745 ⁵

211 1803 336 1857 sunt,
362 1816 410 1850 ut
424 1804 523 1850 ideo
535 1805 670 1851 tristes
686 1809 730 1853 &
744 1804 930 1866 suipensi
944 1803 1078 1857 facie,
1093 1803 1214 1867 quafi

210 1870 324 1916 nihil
335 1870 665 1935 intelligentes
653 1869 749 1917 lmo
773 1869 942 1933 superbi
955 1870 1193 1916 videantur
1197 1904 1212 1924 ,

211 1951 321 1982 cum
349 1953 422 1982 eos
453 1948 629 2013 tempus
668 1941 712 1984 ὃ(
736 1953 805 1982 1e1
808 1953 887 1983 um
920 1936 1215 2000 gerendarum

212 2002 382 2048 occafio
407 1999 509 2048 vere
537 2002 725 2048 declaret
749 2003 892 2056 viros,
922 2003 1024 2048 inde
1053 2000 1132 2057 fit,
1165 2013 1215 2047 ut

219 2067 440 2130 Principes
460 2068 633 2114 leviculi
656 2069 900 2121 credendo,
923 2072 968 2115 &
994 2038 1138 2114 faciles
1150 2066 1212 2113 af

217 2131 367 2188 sedtu,
392 2132 503 2197 saepe
525 2134 571 2180 in
595 2150 768 2184 amores
794 2134 1048 2199 aliquorum
1074 2133 1211 2180 seran,

1119 2210 1218 2254 tur,
