1320 2490
220 108 312 168 376
381 99 846 146 ANDREAEMAx
885 99 1131 145 Fassnao
1189 140 1203 148 ,

216 201 394 253 puratus
406 190 490 241 est,
505 187 651 234 multo
662 187 897 234 titulorum
911 187 1118 250 congestu
1132 205 1210 235 no-

216 272 324 302 men
337 254 466 300 suum
478 252 708 306 substruit,
733 253 836 316 quia
856 252 1007 326 opima
1025 254 1201 315 praedia
1196 287 1210 307 ,

218 320 437 372 colonias,
462 335 576 365 arces
589 319 800 381 poffidet‚
827 319 929 381 quia
952 318 1211 382 popularem

214 402 367 433 auram
378 384 479 431 falsa
489 384 697 448 opinione
711 384 879 435 virtutis
891 396 1126 446 aucupatus
1139 386 1216 440 est,-

213 452 257 498 se
270 452 368 497 ideo
381 468 601 516 magnum
615 450 808 497 venditat
822 455 838 497 ?
864 467 955 497 non
976 448 1082 497 verb
1097 462 1147 497 ut
1161 451 1213 499 fit

215 517 322 564 boni
334 516 498 581 publ-ici
516 516 536 580 (
547 516 660 571 ultra
669 516 888 580 respefitus
902 519 947 564 ὃς
957 517 1020 562 rei
1032 516 1210 580 privatae

214 599 417 633 amorem
434 582 455 645 )
471 582 706 637 studiosus,
722 583 900 647 Regi&
913 583 1064 630 Patriae
1077 583 1211 631 fimul

214 649 357 703 fidus,
383 648 493 695 nulli
509 649 677 712 gravis,
702 648 773 695 sed
786 649 931 710 potius
956 649 1000 695 in
1015 648 1212 697 minores

213 726 448 778 patronus,
473 730 582 792 erga
596 717 750 761 Deum
775 713 1051 778 Religiosus‚
1074 715 1210 763 talem

212 781 360 845 potius
373 781 449 828 etfi
462 780 515 827 fit
529 778 584 844 (ὲ
600 779 806 844 magnis)
829 793 1118 844 purpuratus,
1133 781 1211 829 etfi

212 848 409 901 senator,
434 847 592 894 statum
606 846 837 899 senatoris,
861 863 953 893 non
964 846 1211 896 senatorem

211 929 322 960 voca
344 947 358 967 ,
404 929 454 959 ac
498 913 643 976 potius
687 915 739 960 M
757 914 1045 960 AGNUM
1105 915 1209 962 NI·

213 981 365 1033 HIL,
400 978 575 1041 aspestu
595 978 932 1042 Magnificum,
964 995 1114 1026 rerum
1137 994 1209 1027 va-

213 1061 354 1092 cuum
394 1044 544 1101 (velut
561 1043 677 1108 super
690 1058 819 1091 utrem
843 1045 1057 1107 inflatum,
1076 1048 1209 1109 Sym

213 1110 468 1158 bolisatione
499 1111 666 1157 Polona
697 1110 797 1156 alibi
822 1110 1083 1173 insciiptum
1106 1111 1206 1157 tuli-

211 1193 316 1224 mus
332 1176 350 1234 )
375 1176 489 1223 Sciat
504 1176 640 1240 igitur
652 1176 880 1238 Princeps,
896 1176 939 1222 se
950 1177 1107 1223 virtute
1119 1176 1209 1224 sola

212 1246 430 1306 Magnum
445 1242 593 1296 reddi,
618 1241 719 1288 loco
743 1239 848 1288 verb
873 1242 1081 1304 Principis
1106 1245 1204 1291 Ma-

207 1308 395 1370 jestafis,
419 1311 548 1355 altum
562 1308 673 1362 dici,
699 1307 752 1354 ab
762 1307 834 1353 illa
846 1308 1011 1370 pensari
1036 1312 1080 1356 &
1095 1324 1206 1371 pon-

209 1374 375 1427 deiaii,
399 1374 452 1419 ab
466 1373 555 1420 hoc
577 1385 751 1420 tantum
774 1373 940 1434 suspici
980 1374 1205 1420 Virtutem

211 1439 357 1501 potius
371 1449 515 1492 amet,
541 1455 597 1484 ne
618 1439 740 1484 velut
761 1440 997 1500 Cupressus
1019 1438 1072 1485 fit
1093 1438 1204 1485 altus

210 1508 257 1551 ἃ
270 1504 417 1551 sterilis
431 1538 443 1556 ,
467 1516 541 1550 aut
552 1503 674 1550 velut
686 1503 902 1566 sylvestres
930 1503 1039 1550 ficus
1055 1538 1067 1557 ,
1105 1520 1204 1567 quae

210 1568 316 1616 liciet
329 1569 569 1634 frugiferae,
583 1568 693 1615 dum
706 1569 831 1630 super
843 1568 1065 1615 inacceffiis
1075 1585 1205 1632 rupes

209 1634 433 1688 crescunt,
461 1635 666 1682 homines
682 1634 793 1680 nulli
805 1636 860 1681 de
881 1650 1032 1681 earum
1056 1635 1203 1682 fruestu

208 1700 490 1763 participant,
513 1701 584 1746 sed
608 1701 729 1747 corvi
751 1698 926 1747 tantum
951 1712 1024 1747 aut
1050 1701 1201 1748 milviz

207 1766 483 1831 ficPrinceps
522 1766 694 1829 (abfit)
731 1764 1035 1815 vanistantum
1059 1767 1204 1814 adula-
1268 1769 1270 1771 ’
1319 1751 1320 1755 ¹

207 1833 373 1879 toribus
399 1868 412 1887 ,
450 1833 719 1879 *delatoribus
766 1834 959 1880 levicuIis
985 1868 997 1886 ,
1036 1838 1080 1881 ὅτ.
1127 1850 1203 1896 per

209 1899 360 1944 omnia
372 1900 496 1947 malis
510 1934 524 1953 ,
551 1900 604 1946 fit
616 1898 711 1946 usui
724 1934 736 1953 ,
761 1900 890 1948 bonis
904 1897 1005 1946 ver&
1021 1900 1200 1947 Civibus

206 1965 359 2011 terrori
372 1969 413 2012 ὅ(
427 1966 736 2013 incommo'do.

1076 2217 1196 2273 PE-
