1320 2490
245 100 667 164 82JAN1>REAE
703 115 1139 165 MAx.FRE1>R0

241 204 422 257 urserit,
448 205 821 252 noniuutilesfint
833 205 998 259 castris,
1023 221 1072 252 ac
1084 205 1234 269 proin·
1289 226 1292 230 <

242 271 298 316 de
310 270 461 326 bello)
498 270 598 316 dein
611 270 690 317 sub
713 271 844 334 fignis
869 283 1010 318 totam
1034 283 1232 318 turmam
1288 315 1291 318 ,

242 349 494 390 exerceant,
521 337 753 399 quomodo
765 334 868 383 scite
884 338 1107 401 &agiliter
1128 355 1230 400 pro·
1284 342 1289 345 ⁴

241 402 429 456 vehant,
456 403 691 457 reducant,
717 402 921 456 dilatent,
946 402 1150 457 densent,
1188 404 1234 449 in

241 469 445 515 dextram
479 466 746 516 sinistramve
784 467 992 514 moveant
1027 469 1232 522 ordines,
1290 463 1292 467 ’

240 547 315 581 aut
347 534 552 582 confusos
588 536 679 582 fine
711 535 1034 597 perturbatione
1076 536 1230 581 restau-

237 613 359 655 rent,
386 612 436 648 ut
460 618 548 647 non
577 601 713 665 magis
729 600 948 647 Praefedfis
973 598 1109 662 quam
1133 600 1232 662 ipfis
1282 592 1291 639 ’ἐ
1312 593 1313 596 ¹

238 668 453 714 militibus
467 667 520 713 fit
532 679 661 713 notus
675 667 783 712 ordo
797 701 812 720 ,
835 677 884 711 ut
905 682 996 711 non
1011 664 1230 728 exspesta-
1288 691 1292 695 ·

237 743 286 780 to
298 736 482 781 Ducum
505 733 719 795 imperio,
745 731 865 794 quod
890 728 1033 778 ere&
1055 731 1135 777 usu
1148 732 1233 778 mi-

239 799 351 846 litari
372 800 424 847 fit
449 799 547 862 ipfis
572 803 649 862 per
671 797 715 844 se
737 797 887 844 medio
909 799 955 844 in
967 797 1117 861 praelio
1129 814 1231 844 exe-

239 878 431 928 quantur
443 900 456 919 ,
481 865 613 912 sciant
627 864 761 928 igitur
773 864 938 910 vallum
943 865 1089 927 jacere
1100 898 1113 918 ‚
1127 863 1228 910 viri-

237 933 322 978 tim
345 932 512 996 vigilias
536 931 759 978 insomnes
783 930 929 984 obire,
955 947 1074 976 arma
1098 946 1230 992 expe-

183 1049 188 1052 ,
240 999 358 1051 dire,
385 1014 492 1043 cum
516 997 640 1043 hoste
662 1012 948 1049 concurrere,
971 1013 1086 1043 unus
1110 996 1231 1042 alteri

238 1063 480 1110 subsidium
495 1062 608 1108 ferre
621 1097 633 1116 ,
659 1062 837 1127 signum
852 1061 942 1107 fine
952 1062 1150 1107 tumultu
1163 1061 1225 1107 se-

238 1129 344 1193 qui,
382 1145 473 1175 non
488 1127 706 1182 deserere,
746 1127 1122 1174 autficedendum
1145 1127 1198 1172 fit
1216 1161 1240 1181 ,v
1294 1132 1297 1139 ’

238 1213 331 1242 non
355 1195 522 1241 cursim
543 1194 724 1259 fugere,
752 1191 911 1240 verum
934 1192 1130 1238 frontem
1154 1192 1228 1239 sae—
1290 1195 1298 1228 'r

237 1262 335 1324 pius
359 1277 463 1307 cum
487 1260 613 1324 figno
636 1260 898 1306 abveitendo
920 1259 1098 1312 instare,
1130 1257 1241 1304 dein·
1303 1319 1305 1322 Α

237 1325 416 1375 modice
429 1327 697 1373 circumacto
708 1342 819 1389 gyro
831 1329 874 1372 ἃ
887 1326 1003 1371 circo
1014 1325 1057 1371 se
1068 1325 1229 1386 recipe-

236 1410 284 1439 re
296 1392 593 1440 recedentibus
617 1390 791 1439 modice
814 1392 968 1453 primis
981 1390 1203 1436 ordinibus
1214 1425 1240 1445 ,.
1299 1386 1303 1392 Α

237 1459 404 1506 ultimis
418 1457 638 1521 impetum
662 1457 867 1503 hostilem
890 1456 1127 1501 fistentibus
1141 1490 1153 1508 ,
1181 1460 1227 1502 &

235 1525 296 1570 fic
306 1522 543 1587 reciproce.
582 1528 633 1570 In
655 1540 789 1586 quam
810 1522 1130 1568 ‘Praefectorum
1155 1537 1229 1566 cu-

236 1607 332 1636 ram
343 1591 537 1654 diligenti
544 1587 669 1635 ffime
685 1592 791 1635 Dux
803 1588 902 1634 belli
916 1588 1117 1650 inquiret.
1129 1590 1230 1651 Jam
1289 1602 1297 1639 f

238 1655 411 1702 veroin
443 1656 583 1702 castris
616 1671 694 1718 per
725 1654 1007 1701 contubernia
1025 1654 1225 1715 primum
1294 1650 1304 1683 -3

234 1722 442 1784 privatim
455 1756 468 1775 ‚
493 1721 594 1767 dein
605 1737 680 1784 per
693 1720 920 1773 cohortes,
943 1732 1043 1765 tum
1064 1735 1140 1782 per
1161 1719 1225 1764 in-

235 1800 374 1851 tegras
387 1788 580 1852 legiones
594 1799 844 1833 exerceatur
863 1786 988 1832 miles
1002 1821 1014 1840 ,
1032 1802 1137 1831 cum
1151 1785 1227 1830 ha-

234 1855 318 1906 sta,
341 1853 488 1915 sclopo
502 1888 514 1906 ‚
550 1854 668 1915 pilo3
705 1869 861 1915 eques,
896 1852 1049 1914 pedes,
1073 1850 1230 1897 deinde
1290 1863 1293 1877 ²

235 1931 414 1965 evocato
434 1932 606 1982 integro
619 1920 662 1965 in
684 1920 823 1965 aciem
843 1919 1056 1970 exercitii,
1079 1928 1229 1963 totum

234 1985 367 2031 fimul
390 1985 605 2031 exercebis
618 2020 631 2039 ‚
652 1996 702 2031 ut
724 1984 918 2030 formam
933 1984 1035 2030 aciei
1051 2018 1064 2036 ,
1085 1982 1228 2029 statio-

236 2067 337 2105 nes,
358 2050 561 2102 subsidia,
593 2050 808 2096 accessum
836 2085 848 2104 ,
873 2050 1086 2096 recessum
1113 2084 1124 2103 ,
1151 2065 1229 2112 per

236 2128 375 2179 partes
386 2116 571 2162 fimulve
593 2115 748 2169 discat,
773 2116 881 2163 item
907 2117 1138 2179 quomodo
1163 2116 1229 2162 in—
1286 2171 1287 2174 Ἰ

236 2182 444 2237 minatur,
479 2181 702 2238 densatur,
738 2182 987 2232 extenditur
1014 2217 1027 2239 ,
1050 2182 1233 2230 vertitur
1282 2211 1284 2213 ι

253 2272 256 2275 ·
1118 2264 1226 2296 acies
