1320 2490
264 75 328 134 56
396 72 673 117 ANDREAE
707 68 864 114 MAx.
903 68 1159 114 FREDRO

261 162 460 217 'quorum
474 153 618 215 prima
628 164 726 199 aetas
739 149 879 199 otiose
902 150 1056 215 saepius
1070 167 1160 199 non
1172 168 1251 216 per
1283 155 1285 214 4

262 219 461 265 honestas
472 230 580 265 artes
591 218 821 271 transadta,
834 218 1051 280 plenique
1061 219 1250 264 msuiur-
1283 228 1287 280 ζ

258 284 479 337 rantibus,
503 283 700 329 sufficere
721 283 799 329 fibi
820 285 871 329 ad
872 284 1082 347 g101iam
1106 284 1248 346 maio-

259 365 365 395 rum
387 349 571 395 suorum
596 364 755 412 magna
767 349 974 402 nomina,
998 349 1184 412 satisque
1206 349 1252 395 se

259 414 415 477 amplis
429 414 727 468 Do&oiibus,
741 415 855 467 avis,
869 415 1144 477 atavisquein
1157 415 1247 461 alto

256 481 367 527 natis
390 480 682 534 instrucCtum,
707 497 851 543 neque
863 496 972 541 opus
990 480 1147 526 habere
1158 481 1267 527 stu-

256 545 363 600 diis,
378 545 522 607 quasi
510 562 556 591 m
568 545 727 591 umbra
738 546 959 592 educatis?
981 544 1134 592 stulte
1122 561 1244 610 igna-

253 612 291 657 ri
305 609 479 674 potius,
495 612 596 673 quia
607 611 796 672 majores
809 628 967 658 eorum
981 612 1132 657 omnia
1145 627 1242 674 quae

251 676 408 723 licebat
418 676 502 722 ilhs
515 676 761 737 reliquere,
783 676 976 730 divitias,
1002 676 1214 740 imagines
1229 711 1244 731 ‚
1266 736 1268 738 v

251 742 522 788 memoriam
543 741 607 787 sui
618 740 893 803 praeclaram,
919 742 1127 788 virtutem
1152 758 1245 788 non

251 807 496 870 reliquere,
523 823 666 869 neque
678 818 904 869 poterant,
929 823 977 853 ea
987 807 1077 853 sola
1099 824 1246 870 neque
1266 831 1267 835 ¹

252 873 374 919 dono
397 873 523 918 datur
535 889 680 935 neque
700 872 909 934 accipitur
922 894 934 927 3
973 875 1083 919 Non
1107 872 1243 936 igitur

250 939 476 1000 majorum
489 937 742 984 fortioribus
754 937 878 984 fastis
890 938 1090 985 clariores
1114 938 1215 985 sunt
1226 973 1243 994 ,

251 1001 414 1049 verum
439 1014 590 1048 contra
611 1004 695 1056 est,
721 1020 826 1049 nam
851 1003 1016 1066 quanto
1040 1004 1236 1060 vitaillo-

251 1084 356 1114 rum
390 1068 662 1131 praeclarior,
695 1066 818 1114 tanto
843 1068 1009 1115 horum
1044 1069 1242 1116 socordia

251 1134 536 1198 flagitiosior,
571 1135 615 1180 ni
640 1134 852 1180 virtutem
873 1134 950 1197 ipfi
986 1133 1235 1198 sequantur.

254 1202 378 1261 Saepe
399 1200 533 1263 igitur
544 1199 672 1246 bonae
683 1211 791 1246 artes
813 1211 914 1247 tum
936 1200 1089 1247 bellica
1099 1200 1238 1247 virtus

252 1265 384 1311 etiam
397 1265 442 1311 in
453 1267 635 1329 angusto
646 1265 764 1311 fortu
771 1280 836 1311 nae
860 1265 1023 1312 habitat
1034 1299 1047 1319 ,
1072 1267 1238 1312 eniten-

249 1330 366 1377 tibus
378 1331 559 1394 fingulis
573 1365 585 1383 ‚
601 1342 650 1376 ut
662 1331 782 1393 quod
795 1331 955 1394 cuique
964 1331 1134 1393 parcior
1146 1331 1237 1378 for-

247 1406 354 1442 tuna
366 1396 546 1459 negarit,
560 1394 584 1441 ὲ
596 1397 755 1442 virtute
767 1396 1103 1458 consequantur,
1118 1397 1236 1460 quafi
1270 1427 1272 1430 -

247 1461 301 1507 ab
324 1461 406 1507 hac
427 1461 516 1507 sola
538 1477 782 1507 munerum
805 1464 848 1508 &
862 1461 1113 1515 bonorum,
1138 1462 1235 1508 imo
1254 1499 1258 1504 .
1307 1461 1309 1463 ’

245 1526 454 1573 altiorum
478 1543 533 1573 ex
547 1527 706 1573 merito
717 1526 871 1573 t1tu101
876 1543 954 1573 um
976 1526 1101 1589 spem
1123 1528 1234 1590 peti-

65 1596 183 1646 Qun·
245 1593 349 1639 turi.
399 1593 631 1655 Ouoniam
664 1590 769 1638 vero
793 1592 1037 1638 studiorum
1062 1594 1233 1639 mentio

64 1659 139 1684 ‘um
153 1649 196 1685 [ε’
247 1657 375 1712 faeta,
387 1659 456 1704 vel
468 1658 607 1704 obiter
620 1658 870 1720 explanare
856 1670 997 1720 Juvat,
1012 1657 1233 1721 quantum

57 1700 220 1838 {51:57²
244 1723 317 1769 illa
328 1725 380 1770 ad
392 1724 591 1770 bellicam
613 1725 825 1770 virtutem
849 1723 1104 1778 conferant,
1127 1741 1231 1772 nam
1276 1771 1285 1790 ,ὅ

62 1801 222 1850 Historia
243 1789 355 1851 saepe
365 1790 509 1836 audivi
532 1792 575 1836 ὃς
589 1805 694 1836 cum
708 1789 1005 1869 indignatione
1017 1790 1204 1836 mirabar
1217 1824 1230 1844 ,
1279 1799 1285 1848 ζ

57 1853 140 1890 ὃῡῃο
244 1855 364 1901 velut
375 1872 452 1917 per
464 1855 600 1902 riium
622 1853 760 1919 vulgo
773 1856 945 1901 dietum
969 1856 1225 1902 circumfer-
1279 1875 1284 1882 ’

60 1904 161 1942 Dm
243 1920 308 1966 ri:
326 1920 523 1968 Imbeaem
538 1939 663 1985 neque
677 1920 902 1969 timendum
920 1939 973 1968 ex
986 1920 1087 1968 libro
1109 1920 1231 1968 beda·
1280 1923 1286 1979 ζ
1319 1910 1320 1913 ¹

58 1959 166 2051 εἶξε
240 1999 373 2034 torem.
411 1988 584 2049 Qidni
596 1987 741 2049 potius
763 1984 890 2032 stulte
915 1987 1136 2048 prolatum
1150 1986 1225 2033 ali-
1280 2016 1283 2029 ,-

242 2051 340 2115 quis
352 2052 690 2114 prudentiorum
702 2052 864 2097 rideat?
890 2050 1028 2098 fateor
1040 2053 1224 2115 quidem
1279 2062 1284 2096 ῑ

241 2128 293 2165 ut
304 2115 495 2183 aliquis
479 2135 502 2166 a
522 2117 617 2167 solo
641 2117 847 2167 Musaeo
836 2135 882 2168 m
905 2119 1034 2168 castra
1054 2118 1229 2167 noviter
1271 2118 1284 2175 ’ζ

1146 2198 1220 2231 ve:
1279 2189 1284 2226 Γ
