1320 2490
199 83 439 127 SCRIPT
478 81 883 127 FRAGMENTA.
942 98 1033 143 157

39 165 226 229 gratiam
239 181 373 227 quam
385 164 562 221 habuit,
596 165 641 211 in
653 167 876 228 posterum
899 165 1028 213 amis-

39 227 178 277 surus.

109 295 324 343 Beneficia
358 296 513 344 collata
544 296 591 343 in
626 296 904 360 Principem,
937 313 1036 344 non

40 359 228 425 divulga.

103 430 273 473 Secreta
278 428 548 507 Principum
562 443 653 479 non
664 427 890 491 perquire,
928 437 1029 476 tum

42 492 93 538 ab
106 493 195 539 aliis
209 509 345 556 quam
368 493 422 539 ab
442 494 534 556 ipso
549 493 761 554 Principe.

104 561 225 604 Cum
241 559 440 623 Principe
458 558 715 606 inconstanti
727 562 772 607 &
786 557 1028 612 oblivioso,

38 622 201 686 scriptis
214 641 308 688 age

105 691 184 737 Vis
197 690 275 737 sub
287 690 495 754 improbo
517 690 717 753 Principe
753 689 828 752 (id
853 691 912 737 est
935 692 1029 754 Ty-

36 757 206 813 ranno)
233 758 370 803 vitam
383 756 609 803 securam?
635 758 728 813 eius
751 768 794 803 te
804 756 1029 803 familiari-

35 823 111 868 tati
137 825 182 868 &
216 822 451 885 praesentiae
473 822 586 868 celer
608 823 784 877 exime,
831 838 1030 886 quorum

35 887 400 935 consuetudinem
453 887 787 951 spectatissimus
841 887 1030 952 quisque

33 953 323 1000 flammarum
347 952 640 1001 naturaereffie
655 967 904 1016 comparat,
930 970 1030 1018 quae

31 1019 144 1065 ficut
154 1017 475 1081 paululumase
486 1031 657 1067 remota
681 1019 956 1074 illuminant,
971 1019 1037 1067 ita

30 1083 126 1131 fitis
138 1086 314 1131 admota
324 1085 621 1140 comburunt,
649 1085 816 1132 Vitabis
830 1102 936 1149 ergo
950 1102 1029 1132 no·

31 1151 218 1198 cituram
236 1151 478 1213 potentiam
494 1187 506 1206 ,
536 1152 625 1200 hoc
636 1152 840 1216 primum
853 1161 1002 1198 cautus
1014 1183 1028 1206 ,

32 1232 88 1262 ne
108 1218 242 1263 vitare
254 1217 448 1263 videaris.

95 1285 218 1329 Cum
243 1283 444 1345 Princeps
456 1283 599 1344 palam
626 1283 846 1346 loquitur,
871 1282 1028 1329 intenti

28 1346 167 1394 fimus
181 1364 261 1394 nec
271 1349 408 1394 tristes
422 1360 496 1394 aut
505 1348 805 1394 meditabundi
828 1363 1026 1409 apparen-

29 1428 130 1459 mus
145 1447 158 1465 ‚
183 1430 240 1458 ne
251 1414 320 1458 vel
343 1412 618 1475 improbare,
643 1414 711 1459 vel
736 1414 886 1460 auditu
910 1412 1027 1459 facili

24 1479 204 1524 Vtranfire
216 1479 332 1524 dicta
357 1479 450 1540 ejus
462 1478 714 1526 videamur:
742 1482 880 1525 Amat
903 1479 1027 1525 enim

31 1542 215 1606 quisque
233 1544 370 1591 audiri
388 1548 431 1592 ὃ(
455 1545 627 1607 probari
649 1561 720 1599 ea,
757 1561 855 1608 quae
879 1544 1023 1606 palam

62 1609 212 1654 rofei-t.

30 1625 59 1672 P
96 1675 166 1720 Sic
189 1673 214 1720 ὲ
239 1675 495 1728 contrario,
533 1676 655 1738 quod
679 1672 804 1722 tacite
830 1674 1029 1738 loquitur

28 1740 260 1803 Princeps,
288 1740 333 1785 in
348 1739 456 1785 illud
466 1757 618 1787 aurem
631 1757 723 1788 non
738 1741 933 1787 intendas
946 1756 1024 1786 cu-

27 1806 190 1859 riosus,
207 1803 302 1852 imo
316 1804 385 1851 sed
392 1803 465 1851 ulo
479 1809 524 1852 &
537 1807 804 1868 prudenter
793 1824 837 1853 m
849 1817 1022 1868 partem

26 1881 72 1917 te
95 1871 352 1924 declinabis,
386 1870 487 1917 sunt
510 1873 631 1919 enim
668 1873 872 1935 quaedam
906 1872 1021 1937 apud

26 1937 304 2000 Principem,
331 1954 431 2000 quae
443 1938 580 1985 audiri
592 1938 716 1985 nolit.

0 2008 2 2017 ¹
95 2003 139 2048 Si
173 2004 327 2049 annuit
358 2004 559 2066 petitioni
592 2005 745 2051 nostrae
780 2003 1012 2066 Princeps,

0 2069 305 2115 ostendamus
318 2068 494 2124 sedulo,
510 2071 660 2134 magni
672 2087 752 2117 nos
765 2070 809 2117 id
819 2069 1024 2117 beneficii

0 2133 130 2181 loco
170 2134 356 2192 habere,
387 2135 420 2183 fi
433 2136 606 2184 renuit?
641 2137 780 2185 danda
817 2133 1022 2184 maxime

855 2217 1028 2266 opera„
