1320 2490
159 135 411 177 sempr.
458 130 866 175 FRAGMENTA.
921 142 1009 188 117

0 249 2 252 v
81 215 213 261 Fidos
249 218 294 262 &
319 213 585 276 experientia
598 229 809 287 magnos,
846 213 1011 276 legatus

0 293 4 297 '
36 298 167 327 ecum
180 298 227 327 1n
240 279 454 327 comitatu
470 280 623 333 ducat,
649 296 728 344 qui
751 295 855 326 eum
879 279 927 325 in
946 294 1012 325 ar-

52 347 116 394 uis
127 348 209 408 juv
211 363 282 393 are
289 345 466 409 poffint

87 410 351 459 Utanostris
375 410 569 459 hostibus
591 411 710 473 prius
733 410 793 459 ad
809 427 889 458 nos
902 410 1008 458 mit-

36 491 166 526 antur
185 478 316 542 legati
353 478 508 540 (quod
530 479 589 524 est
609 477 697 523 loci
717 476 934 523 inferion's
958 477 1014 523 si-

35 545 195 609 gnum)
232 561 310 606 per
339 543 505 590 amicos
540 542 754 606 quosdam
790 543 1012 604 Principes

68 611 289 658 termediae
302 609 503 657 amicitiae
514 608 803 666 tentandum,
822 620 873 655 ut
883 608 1011 655 mdu

102 688 188 723 tur.

83 744 250 806 Legato
273 742 327 790 ad
351 742 493 789 hostes
515 739 664 794 eunti,
698 738 916 804 superflua
935 754 1010 801 pe-

37 847 47 853 ,
109 808 148 854 ia
170 808 320 862 detur,
345 809 399 854 ad
421 806 792 870 corrumpendam
816 805 1015 853 hostiurn

36 873 184 928 idem,
199 876 446 939 cogitemus
457 873 833 937 perturbationes,
843 871 1015 918 tumul-

36 956 114 993 us,
131 939 385 994 seditiones,
399 939 742 992 intestinarum,
757 937 922 985 venalia
934 939 1018 985 effe

36 1007 308 1070 {egotiorum
332 1006 489 1053 indicia
511 1005 880 1057 &instrumenta,
916 1005 1016 1068 qui-

51 1088 101 1119 us
112 1084 350 1119 atterantur
363 1070 539 1118 consilia
551 1069 734 1118 adversa.

88 1139 320 1185 Interdum
343 1136 504 1185 anobis
527 1137 765 1184 mittuntur
786 1136 942 1199 legati,
967 1146 1018 1182 ut

37 1201 201 1251 ubdola
223 1204 503 1253 cunctatione
524 1202 801 1267 perficiamus
835 1202 1016 1248 interim

38 1269 147 1335 luod
160 1270 391 1317 molimur.

0 1334 10 1379 .’
87 1338 215 1383 Dum
239 1337 292 1382 ad
304 1332 526 1382 seditiosos
539 1332 872 1397 componendos
884 1332 1015 1395 legati

0 1413 9 1447 τ
38 1415 94 1449 ,ut
106 1402 390 1448 commissarii
400 1400 663 1453 mittuntur,
687 1399 806 1462 prius
830 1414 907 1461 per
919 1398 1015 1444 lite-

97 1467 418 1528 compellandi,
443 1479 498 1512 an
511 1466 564 1513 ad
575 1466 619 1513 se
640 1465 757 1512 mitti
773 1464 860 1510 fide
870 1464 1018 1526 publi.

39 1548 73 1579 a
91 1532 245 1578 fiuant.

85 1597 261 1663 juvabit
272 1609 322 1644 ut
331 1597 422 1661 lpse
443 1597 646 1659 Princeps
672 1596 788 1660 legat
798 1595 951 1642 tacitus
965 1595 1016 1641 li-

40 1679 133 1710 eras
155 1662 220 1710 sui
241 1663 395 1727 legati,
420 1680 525 1711 nam
545 1664 660 1727 aliq
641 1663 778 1708 nando
804 1678 850 1707 ea
861 1660 1022 1709 secreta

0 1744 11 1775 z
40 1735 72 1777 §t
86 1746 153 1776 res
165 1728 340 1781 ferunt,
365 1745 484 1809 quas
481 1728 626 1790 lpsum
651 1727 901 1790 Principem
913 1725 1021 1773 scire

40 1796 177 1848 lecet,
204 1793 374 1857 prodita
384 1792 490 1840 vero
502 1794 822 1867 impediantur,
836 1804 910 1840 aut
920 1793 1020 1856 qui-

0 1891 3 1902 =
41 1878 110 1907 :vus
131 1859 299 1908 facilius
323 1859 498 1906 obviare
527 1859 660 1922 poss1t
683 1859 883 1921 Princeps
907 1859 1020 1904 dum

41 1939 130 1973 unt
141 1943 185 1973 in
199 1927 355 1979 tacito,
382 1942 519 1989 quam
543 1926 653 1972 dum
667 1925 910 1972 hominum
931 1923 1017 1971 ser-

42 1992 239 2039 ‘nonibus
261 1992 612 2055 percrebuerunt.

0 2075 16 2106 1
97 2058 319 2105 Nonnulli
341 2057 588 2122 legatorum
611 2055 768 2104 secreta
792 2054 1020 2121 legationis

43 2124 213 2172 >ccu1tis
224 2124 353 2171 liten's
369 2128 414 2171 ὃς
426 2123 540 2172 fichs
551 2123 871 2171 chara-&eribus
895 2123 1015 2170 Prin-

43 2206 118 2255 :1p1
130 2202 357 2246 nuntiant,
382 2189 481 2239 ideo
492 2189 745 2255 priusquam
767 2188 988 2238 discedat
976 2205 1023 2234 m

523 2258 555 2304 F
593 2274 620 2304 2
907 2255 1027 2319 lega-
