1320 2490
279 116 342 162 68
422 115 697 161 Annam
734 115 890 160 MAx.
927 115 1178 160 Fui-:nno

256 199 341 246 lex
316 217 362 246 15
387 198 509 244 labor
529 198 585 244 fit
605 199 806 252 aurium,
843 202 887 246 &
912 216 967 245 ex
988 215 1100 246 vano
1122 212 1250 262 parva
1274 171 1287 229 l
1312 194 1320 222 ¹

259 264 531 328 ignominia,
546 263 886 343 probavanaque
900 264 1035 311 discei
1037 282 1139 310 nere
1148 278 1250 311 tum
1314 261 1320 308 1

261 329 572 392 approbare‚ea
601 327 707 376 ver&
742 330 806 376 vis
839 330 969 377 lolius
998 331 1154 393 judicii
1175 329 1249 376 est

255 399 367 442 Haec
379 396 434 442 de
445 395 634 475 legendo
645 395 750 441 belli
762 398 903 442 Duce.
925 398 978 460 Ja
992 397 1047 442 de
1059 414 1161 444 exex
1164 407 1286 442 c1tu
1280 386 1285 406 '
1315 396 1320 423 ‘

253 460 456 526 suggera,
461 477 620 508 verum
632 461 1054 525 brevioribusddque
1065 460 1255 509 concise⁴
1278 481 1287 529 5
1315 455 1320 489 ¹

320 528 538 574 Led'curus
561 527 803 574 exercit-um
820 529 1038 602 Princeps,
1052 528 1255 591 provide·
1279 541 1288 621 ἲ

111 620 219 646 uomo-
256 593 471 647 redebet,
496 593 710 640 utsaltem
730 595 860 640 unius
870 611 971 642 anni
961 594 1287 657 stipendio&
1318 616 1320 618 ·

62 664 191 713 Aopa-
261 659 536 707 commeatui
550 694 563 713 ,
588 670 690 705 tum
701 675 780 721 per
790 660 941 706 omnia
953 660 1149 723 expensis
1163 660 1256 705 bel-

70 714 227 754 randum
259 726 290 773 li
303 742 360 773 ex
382 736 619 789 praeparato
636 724 820 772 sufficiat
845 724 1187 790 (inexplicabilis
1209 741 1254 773 a·

71 819 184 866 vires,
203 790 241 854 e’-
263 792 337 839 lias
364 808 486 839 error
498 792 582 850 fit)
619 802 772 838 caetera
803 808 871 839 res
905 791 994 855 ipsa
1026 791 1226 854 expediet
1239 825 1253 845 ,

68 872 239 909 mercum.
259 869 485 905 curaturus
497 856 676 904 interim
687 873 770 920 pro
783 858 894 904 virili
906 893 920 913 ,
946 869 996 905 ut
1018 875 1074 905 ex
1087 857 1257 904 hostico

258 925 306 970 in
318 925 544 986 posterum
557 923 765 986 impenfis
778 923 862 970 alat
871 925 970 971 suos
983 959 997 978 ,
1025 940 1108 987 pro
1130 922 1252 970 sum·

258 1006 334 1036 ma
346 989 514 1036 ratione
524 987 739 1044 bellandi,
769 989 986 1038 thedum
993 987 1164 1054 seipffim
1179 1006 1256 1036 nu-

74 1076 213 1116 tegnam
257 1058 368 1104 eriat.
404 1055 634 1103 Provideart
655 1055 812 1102 itidem
835 1072 891 1102 ne
911 1055 1113 1103 Praefeffi
1138 1055 1256 1102 mili-

67 1130 213 1181 Jeipsum
258 1134 360 1169 tum
394 1121 653 1168 defraudent
673 1121 905 1184 stipendia,
941 1122 1131 1185 ideoque
1162 1137 1256 1166 non

67 1185 227 1222 ”mial-
256 1198 392 1252 prout
403 1186 446 1234 se
459 1186 667 1251 quisque
655 1204 700 1234 m
716 1187 1017 1241 PraefeEkuras,
1022 1188 1253 1234 Centuria-

256 1251 729 1316 tus‚T1·ibunatusque,
751 1265 881 1300 notus
893 1254 1157 1333 antignotus
1174 1253 1257 1315 (le—

259 1319 409 1384 gendo
423 1319 735 1380 militi)sponte
747 1318 892 1373 offert,
895 1335 1056 1368 verum
1069 1330 1184 1365 certa
1197 1335 1254 1366 ex

259 1385 424 1431 virtute
446 1384 684 1430 sumendus
721 1387 807 1437 est,
842 1401 892 1431 ac
914 1385 971 1431 de
1004 1385 1260 1431 melioribus

260 1466 340 1514 per
372 1450 621 1497 Provincias
666 1447 818 1495 sedule
872 1450 1187 1512 inquirendum
1234 1447 1258 1495 ὲ
1273 1452 1289 1495 j?

260 1516 488 1579 Principe,
513 1514 589 1561 etfi
612 1515 779 1578 pertaefi
803 1515 1006 1560 laborum
1030 1514 1257 1568 recusent,
1281 1527 1288 1560 3

261 1582 404 1628 altimi
427 1593 577 1628 tamen
600 1581 812 1661 stipendio
836 1593 935 1626 tum
955 1580 1141 1643 praemio
1163 1580 1257 1626 alli-

260 1648 431 1701 ciendi,
458 1664 549 1693 non
561 1646 666 1693 verb
689 1647 734 1692 in
758 1646 914 1710 perdm
927 1645 1000 1692 sed
1012 1646 1122 1692 lucrl
1132 1646 1257 1693 tabu-

261 1713 321 1760 las
335 1713 530 1760 illaturus
554 1713 758 1775 Princeps
775 1748 787 1766 ⁵
813 1713 936 1776 quod
948 1711 1074 1758 bonis
1095 1728 1259 1775 expen-

262 1779 397 1826 derit:
436 1782 560 1826 Nam
584 1779 646 1825 illi
675 1795 729 1824 ex
755 1779 842 1825 fide
866 1781 909 1826 ὃς
925 1778 1086 1825 virtute
1107 1779 1260 1825 omnia

259 1844 437 1891 fortiter
463 1845 513 1890 ad
528 1845 756 1891 victoriam
782 1843 1069 1908 praestabunt,
1094 1844 1256 1890 trium-

261 1910 411 1973 phum
435 1915 479 1958 ὃς
494 1910 741 1957 Provincias
765 1910 966 1973 paraturi.
1005 1913 1116 1956 Sunt
1138 1909 1257 1956 secus

262 1975 421 2021 alicubi
434 1977 565 2038 aliqui
582 2010 594 2028 ‚
622 1975 780 2038 quibus
794 1976 912 2021 nulla
925 1976 1086 2022 domus
1102 2011 1113 2029 ‚
1140 1975 1259 2021 nulla

265 2040 435 2087 manfio
449 2076 460 2094 ‚
488 2042 605 2087 nulla
616 2041 789 2087 vivendi
802 2042 911 2087 ratio
924 2077 938 2095 ‚
964 2042 1156 2105 ideoque
1166 2041 1259 2087 bel-

262 2106 363 2152 lum
377 2119 528 2170 optant
543 2142 556 2161 ‚
582 2124 672 2153 non
686 2118 736 2152 ut
747 2124 942 2172 pugnare
954 2119 1104 2154 ament
1116 2143 1129 2162 ,
1166 2108 1256 2153 Ga-

264 2172 358 2221 leuci
374 2175 515 2237 lepores
527 2186 747 2222 metuentes
762 2191 885 2238 magn
900 2191 1021 2240 quam
1033 2172 1256 2225 metuendi,

1184 2254 1259 2284 ve..
