1320 2490
240 128 479 175 S'cnwr.
517 128 592 176 F'R
609 143 680 175 AG
697 143 920 176 M‘ENT‘K.
1001 147 1104 194 129-

97 211 221 264 fiam,
245 227 356 274 quos
381 223 455 259 aut
479 212 670 267 rixosos,
695 225 769 259 aut
805 213 1061 262 leviusculos
1075 246 1103 264 ‚-

96 289 171 323 aut
184 277 316 323 etiam
341 277 547 325 fastuosos
560 280 693 326 nimis
716 281 800 327 effe
821 279 984 336 credit,
1018 279 1102 327 sed*

96 355 246 390 tamen
257 360 311 389 ne
321 344 495 418 fiigiffe·
488 345 696 392 videatur.

165 408 230 455 Sit
242 421 388 473 gratus
401 409 632 473 excipienti
643 410 834 473 Principi
848 413 893 458 δε
905 427 1007 474 pop
1001 410 1092 467 alo,

97 475 219 538 quod
233 475 285 521 ab
296 477 489 522 anteadt'a
501 477 669 530 notitia,
684 489 758 523 aut
770 477 912 540 aliqua
923 478 1094 524 ratione

96 541 232 603 parari
244 544 408 616 potest,
422 558 499 606 qm
488 542 679 605 placere
688 543 859 605 potuit,
867 544 965 605 jam
976 543 1090 590 obti-

101 622 204 653 nere
217 608 342 669 cepit.

166 674 367 720 Genium
389 673 434 720 se
445 673 696 737 excipientis
710 672 950 720 observabit
972 673 1089 738 lega-

98 750 194 791 tuS,
220 740 515 793 caeremonias,
529 739 1031 803 modumqueaaeffionis,
1044 741 1092 788 in

96 804 328 868 colloquiis
343 808 387 852 &
400 805 699 870 congresfibus
719 803 920 870 religiose
932 806 1099 869 imple·

98 870 188 924 bit,
214 874 259 918 &
272 871 424 918 omnia
435 887 532 934 quae
543 871 700 933 primae
711 869 848 918 scenae
858 871 1088 919 debentur.

166 937 249 982 Uti
259 935 482 999 religionis
495 935 590 982 suae
593 936 646 982 fit
659 948 815 991 tenax,
829 937 887 984 ita
897 938 1089 1002 peregri·
1139 982 1142 984 .

96 1017 205 1049 nam
223 1000 369 1065 aperte
390 1018 482 1048 non
495 1002 700 1055 damnet,
734 1002 806 1049 sed
830 1003 950 1066 quafi
971 1003 1092 1070 diffi-

98 1067 275 1122 mulet,¹
290 1070 335 1114 ὅτ.
348 1068 492 1130 quoad
517 1067 611 1113 fieri
620 1066 731 1115 salva
740 1068 1001 1116 conscientia
1011 1085 1092 1132 po-

96 1135 212 1188 test,
244 1133 378 1180 etiam
398 1133 636 1197 peregrinis
659 1135 930 1181 caenemoniis
951 1134 1092 1183 sacro·

96 1216 202 1247 rum
216 1199 441 1263 indulgeat
453 1234 466 1252 ,
493 1215 585 1262 quo
608 1198 806 1246 maxime
832 1211 1092 1262 purpurato·

96 1282 200 1313 rum
214 1266 350 1313 animi
371 1265 626 1330 capiuntur,
660 1266 782 1329 quod
804 1265 850 1312 in
861 1264 947 1314 suis
958 1266 1092 1314 etiam

96 1331 277 1379 cavebit.

163 1397 339 1444 Titulos
351 1396 575 1443 literarum
590 1398 634 1443 δι
657 1394 944 1449 salutationis,
967 1396 1089 1444 redte

96 1473 222 1536 aptet
224 1462 442 1525 personis,
468 1478 555 1525 qua
565 1461 611 1508 in
624 1478 671 1507 re
679 1478 944 1540 praemoneri
932 1461 1087 1510 velit
1069 1481 1094 1510 a

98 1528 244 1590 peritis
268 1530 361 1591 ejus
385 1529 554 1593 gentiS‚
560 1539 707 1575 caute
722 1540 871 1575 tamen
894 1545 952 1575 ne
974 1530 1101 1577 deci--

98 1593 252 1658 piatur.

169 1662 236 1706 Ut
246 1659 461 1722 acceptior
478 1659 559 1716 fit,
589 1676 682 1706 non
703 1657 853 1706 solum
877 1658 1018 1706 literas
1036 1660 1091 1707 ad

99 1726 351 1788 Principem
362 1721 765 1779 commendatitias,
788 1725 861 1771 sed
883 1726 1015 1772 etiam
1036 1726 1091 1774 ad

101 1792 331 1866 Magnates
357 1794 402 1839 &
425 1791 650 1838 Ministros
669 1789 776 1837 aulae
787 1791 945 1838 secum
952 1790 1061 1839 ferat
1074 1825 1088 1845 ‚

100 1874 213 1921 quos
248 1858 295 1904 in
332 1857 527 1903 adeunda
558 1856 656 1904 aula
688 1857 975 1904 devinfflores
1008 1857 1096 1904 fibi

98 1936 246 1986 optat3
271 1923 440 1971 Adhaec
453 1938 608 1970 coram
615 1922 772 1987 quibus
783 1935 1091 1987 opportunum

98 2006 181 2054 pro
202 2006 250 2036 re
273 2002 369 2036 nata
389 1989 641 2044 videbitur,
676 1989 865 2037 laudabit
886 2000 1099 2036 oretenus

99 2053 277 2103 modice
300 2055 366 2102 sui
385 2055 592 2118 Principis
614 2055 1007 2110 munificentiam,
1044 2059 1092 2103 δε

100 2122 340 2168 commoda
362 2134 624 2184 proventura
652 2120 780 2169 tacite
814 2121 1037 2169 cuilibet
1023 2138 1095 2168 111-³

100 2187 287 2238 culcabit
299 2223 322 2244 ,a
343 2187 390 2238 in
402 2205 587 2256 eamque
596 2204 697 2238 rem
706 2189 842 2240 nudas
867 2187 1092 2239 membra-

1018 2268 1095 2304 nas
