<?xml version="1.0" encoding="UTF-8"?>
<!DOCTYPE html PUBLIC "-//W3C//DTD XHTML 1.0 Transitional//EN"
    "http://www.w3.org/TR/xhtml1/DTD/xhtml1-transitional.dtd">
<html xmlns="http://www.w3.org/1999/xhtml" xml:lang="en" lang="en">
 <head>
  <title>
</title>
<meta http-equiv="Content-Type" content="text/html;charset=utf-8" />
  <meta name='ocr-system' content='tesseract 3.04.00' />
  <meta name='ocr-capabilities' content='ocr_page ocr_carea ocr_par ocr_line ocrx_word'/>
</head>
<body>
  <div class='ocr_page' id='page_1' title='image "./andreaemaximilia00fred_0163.png"; bbox 0 0 1320 2490; ppageno 0'>
   <div class='ocr_carea' id='block_1_1' title="bbox 0 121 64 1982">
    <p class='ocr_par' dir='ltr' id='par_1_1' title="bbox 0 121 64 1982">
     <span class='ocr_line' id='line_1_1' title="bbox 0 121 53 405; baseline 0 0"><span class='ocrx_word' id='word_1_1' title='bbox 0 121 53 405; x_wconf 95' lang='lat' dir='ltr'>    </span> 
     </span>
     <span class='ocr_line' id='line_1_2' title="bbox 0 405 53 538; baseline 0.057 -3"><span class='ocrx_word' id='word_1_2' title='bbox 0 405 53 538; x_wconf 95' lang='lat' dir='ltr'>    </span> 
     </span>
     <span class='ocr_line' id='line_1_3' title="bbox 0 538 64 1982; baseline 0 -1245"><span class='ocrx_word' id='word_1_3' title='bbox 0 538 64 1982; x_wconf 95' lang='lat' dir='ltr'>     </span> 
     </span>
    </p>
   </div>
   <div class='ocr_carea' id='block_1_2' title="bbox 178 87 1027 151">
    <p class='ocr_par' dir='ltr' id='par_1_2' title="bbox 178 87 1027 151">
     <span class='ocr_line' id='line_1_4' title="bbox 178 87 1027 151; baseline 0.005 -19"><span class='ocrx_word' id='word_1_4' title='bbox 178 88 415 133; x_wconf 82' lang='lat' dir='ltr'>SCRIPT.</span> <span class='ocrx_word' id='word_1_5' title='bbox 453 87 853 135; x_wconf 68' lang='lat' dir='ltr'>FRAGMENTAL</span> <span class='ocrx_word' id='word_1_6' title='bbox 927 102 1027 151; x_wconf 63' lang='lat'>153⁹</span> 
     </span>
    </p>
   </div>
   <div class='ocr_carea' id='block_1_3' title="bbox 0 176 1080 2264">
    <p class='ocr_par' dir='ltr' id='par_1_3' title="bbox 36 176 1061 503">
     <span class='ocr_line' id='line_1_5' title="bbox 37 176 1028 242; baseline 0.004 -21"><span class='ocrx_word' id='word_1_7' title='bbox 37 187 99 223; x_wconf 82' lang='lat' dir='ltr'>ret</span> <span class='ocrx_word' id='word_1_8' title='bbox 122 178 167 224; x_wconf 64' lang='grc' dir='ltr'>ὃς</span> <span class='ocrx_word' id='word_1_9' title='bbox 191 176 308 240; x_wconf 78' lang='lat' dir='ltr'>quasi</span> <span class='ocrx_word' id='word_1_10' title='bbox 333 193 426 224; x_wconf 89' lang='lat' dir='ltr'>non</span> <span class='ocrx_word' id='word_1_11' title='bbox 446 177 660 242; x_wconf 77' lang='lat' dir='ltr'>intelligat</span> <span class='ocrx_word' id='word_1_12' title='bbox 682 178 845 226; x_wconf 88' lang='lat' dir='ltr'>aulicus</span> <span class='ocrx_word' id='word_1_13' title='bbox 859 213 888 233; x_wconf 24' lang='lat'>‚⁴</span> <span class='ocrx_word' id='word_1_14' title='bbox 906 177 940 224; x_wconf 90' lang='lat' dir='ltr'>fi</span> <span class='ocrx_word' id='word_1_15' title='bbox 962 190 1028 225; x_wconf 84' lang='lat' dir='ltr'>ta-</span> 
     </span>
     <span class='ocr_line' id='line_1_6' title="bbox 36 241 1036 306; baseline 0.004 -18"><span class='ocrx_word' id='word_1_16' title='bbox 36 258 140 288; x_wconf 92' lang='lat' dir='ltr'>men</span> <span class='ocrx_word' id='word_1_17' title='bbox 152 241 289 306; x_wconf 87' lang='lat' dir='ltr'>gravis</span> <span class='ocrx_word' id='word_1_18' title='bbox 300 243 372 289; x_wconf 84' lang='lat' dir='ltr'>illa</span> <span class='ocrx_word' id='word_1_19' title='bbox 381 243 435 289; x_wconf 87' lang='lat' dir='ltr'>fit</span> <span class='ocrx_word' id='word_1_20' title='bbox 447 278 460 297; x_wconf 92' lang='lat'>,</span> <span class='ocrx_word' id='word_1_21' title='bbox 485 259 592 290; x_wconf 90' lang='lat' dir='ltr'>cum</span> <span class='ocrx_word' id='word_1_22' title='bbox 605 245 802 291; x_wconf 89' lang='lat' dir='ltr'>modesto</span> <span class='ocrx_word' id='word_1_23' title='bbox 815 244 968 291; x_wconf 89' lang='lat' dir='ltr'>dolore</span> <span class='ocrx_word' id='word_1_24' title='bbox 980 247 1036 292; x_wconf 17' lang='lat' dir='ltr'>&amp;v</span> 
     </span>
     <span class='ocr_line' id='line_1_7' title="bbox 53 308 1058 373; baseline 0.005 -20"><span class='ocrx_word' id='word_1_25' title='bbox 53 308 318 355; x_wconf 88' lang='lat' dir='ltr'>ubmiffione</span> <span class='ocrx_word' id='word_1_26' title='bbox 331 314 432 371; x_wconf 86' lang='lat' dir='ltr'>(pro</span> <span class='ocrx_word' id='word_1_27' title='bbox 444 309 900 373; x_wconf 83' lang='lat' dir='ltr'>ingenuitatetamen)</span> <span class='ocrx_word' id='word_1_28' title='bbox 929 325 1028 358; x_wconf 86' lang='lat' dir='ltr'>eam</span> <span class='ocrx_word' id='word_1_29' title='bbox 1050 327 1058 368; x_wconf 67' lang='grc' dir='ltr'><em>ζ</em></span> 
     </span>
     <span class='ocr_line' id='line_1_8' title="bbox 62 372 1061 440; baseline 0.004 -21"><span class='ocrx_word' id='word_1_30' title='bbox 62 374 221 436; x_wconf 82' lang='lat' dir='ltr'>xcipiet</span> <span class='ocrx_word' id='word_1_31' title='bbox 233 409 246 427; x_wconf 93' lang='lat'><strong><em>,</em></strong></span> <span class='ocrx_word' id='word_1_32' title='bbox 273 392 327 421; x_wconf 90' lang='lat' dir='ltr'>ne</span> <span class='ocrx_word' id='word_1_33' title='bbox 340 376 500 422; x_wconf 84' lang='lat' dir='ltr'>servilis</span> <span class='ocrx_word' id='word_1_34' title='bbox 512 375 676 440; x_wconf 87' lang='lat' dir='ltr'>ingenii</span> <span class='ocrx_word' id='word_1_35' title='bbox 697 379 740 424; x_wconf 64' lang='grc' dir='ltr'>ὃς</span> <span class='ocrx_word' id='word_1_36' title='bbox 758 376 917 439; x_wconf 71' lang='lat' dir='ltr'>abjeeci</span> <span class='ocrx_word' id='word_1_37' title='bbox 937 392 1029 439; x_wconf 85' lang='lat' dir='ltr'>prae</span> <span class='ocrx_word' id='word_1_38' title='bbox 1049 372 1061 433; x_wconf 60' lang='grc' dir='ltr'>ζ</span> 
     </span>
     <span class='ocr_line' id='line_1_9' title="bbox 53 438 422 503; baseline 0.008 -19"><span class='ocrx_word' id='word_1_39' title='bbox 53 457 75 485; x_wconf 92' lang='lat' dir='ltr'>e</span> <span class='ocrx_word' id='word_1_40' title='bbox 89 438 198 485; x_wconf 85' lang='lat' dir='ltr'>ferat</span> <span class='ocrx_word' id='word_1_41' title='bbox 220 440 422 503; x_wconf 89' lang='lat' dir='ltr'>speciem.</span> 
     </span>
    </p>

    <p class='ocr_par' dir='ltr' id='par_1_4' title="bbox 31 506 1042 834">
     <span class='ocr_line' id='line_1_10' title="bbox 101 506 1030 570; baseline 0.004 -20"><span class='ocrx_word' id='word_1_42' title='bbox 101 506 311 569; x_wconf 76' lang='lat' dir='ltr'>Principis</span> <span class='ocrx_word' id='word_1_43' title='bbox 344 507 410 553; x_wconf 84' lang='lat' dir='ltr'>tui</span> <span class='ocrx_word' id='word_1_44' title='bbox 442 506 674 570; x_wconf 82' lang='lat' dir='ltr'><strong>ingenium</strong></span> <span class='ocrx_word' id='word_1_45' title='bbox 709 510 753 554; x_wconf 84' lang='lat'>&amp;</span> <span class='ocrx_word' id='word_1_46' title='bbox 769 523 916 553; x_wconf 88' lang='lat' dir='ltr'>mores</span> <span class='ocrx_word' id='word_1_47' title='bbox 951 524 1030 554; x_wconf 88' lang='lat' dir='ltr'>co-</span> 
     </span>
     <span class='ocr_line' id='line_1_11' title="bbox 31 570 1042 635; baseline 0.002 -19"><span class='ocrx_word' id='word_1_48' title='bbox 31 570 213 634; x_wconf 83' lang='lat' dir='ltr'>gnoscas</span> <span class='ocrx_word' id='word_1_49' title='bbox 227 606 240 626; x_wconf 94' lang='lat'><em>,</em></span> <span class='ocrx_word' id='word_1_50' title='bbox 263 573 381 619; x_wconf 86' lang='lat' dir='ltr'>bello</span> <span class='ocrx_word' id='word_1_51' title='bbox 404 574 552 635; x_wconf 89' lang='lat' dir='ltr'>pacive</span> <span class='ocrx_word' id='word_1_52' title='bbox 575 585 648 618; x_wconf 85' lang='lat' dir='ltr'>aut</span> <span class='ocrx_word' id='word_1_53' title='bbox 671 572 916 632; x_wconf 76' lang='lat' dir='ltr'>venationi,</span> <span class='ocrx_word' id='word_1_54' title='bbox 952 583 1042 619; x_wconf 87' lang='lat' dir='ltr'>aut·</span> 
     </span>
     <span class='ocr_line' id='line_1_12' title="bbox 69 634 1027 701; baseline 0.003 -20"><span class='ocrx_word' id='word_1_55' title='bbox 69 637 178 682; x_wconf 83' lang='lat' dir='ltr'>udiis</span> <span class='ocrx_word' id='word_1_56' title='bbox 199 639 558 685; x_wconf 86' lang='lat' dir='ltr'>accommodatus</span> <span class='ocrx_word' id='word_1_57' title='bbox 571 639 649 692; x_wconf 82' lang='lat' dir='ltr'>sit,</span> <span class='ocrx_word' id='word_1_58' title='bbox 675 655 766 701; x_wconf 85' lang='lat' dir='ltr'>quo</span> <span class='ocrx_word' id='word_1_59' title='bbox 790 650 832 684; x_wconf 87' lang='lat' dir='ltr'>te</span> <span class='ocrx_word' id='word_1_60' title='bbox 844 634 907 685; x_wconf 89' lang='lat' dir='ltr'>illi</span> <span class='ocrx_word' id='word_1_61' title='bbox 919 654 1027 684; x_wconf 90' lang='lat' dir='ltr'>con-</span> 
     </span>
     <span class='ocr_line' id='line_1_13' title="bbox 34 702 1027 758; baseline 0.004 -11"><span class='ocrx_word' id='word_1_62' title='bbox 34 702 202 749; x_wconf 83' lang='lat' dir='ltr'>formes</span> <span class='ocrx_word' id='word_1_63' title='bbox 217 724 229 758; x_wconf 81' lang='lat'>3</span> <span class='ocrx_word' id='word_1_64' title='bbox 246 703 346 750; x_wconf 76' lang='lat' dir='ltr'>vere</span> <span class='ocrx_word' id='word_1_65' title='bbox 362 705 558 751; x_wconf 61' lang='lat' dir='ltr'>dietum:</span> <span class='ocrx_word' id='word_1_66' title='bbox 583 705 687 752; x_wconf 63' lang='lat' dir='ltr'>Pluaes</span> <span class='ocrx_word' id='word_1_67' title='bbox 696 708 738 751; x_wconf 87' lang='lat' dir='ltr'>in</span> <span class='ocrx_word' id='word_1_68' title='bbox 754 706 935 751; x_wconf 80' lang='lat' dir='ltr'>amicitia</span> <span class='ocrx_word' id='word_1_69' title='bbox 947 719 1027 751; x_wconf 75' lang='grc' dir='ltr'>να·</span> 
     </span>
     <span class='ocr_line' id='line_1_14' title="bbox 34 769 1024 834; baseline -0.001 -18"><span class='ocrx_word' id='word_1_70' title='bbox 34 770 111 816; x_wconf 83' lang='lat' dir='ltr'>lere</span> <span class='ocrx_word' id='word_1_71' title='bbox 119 769 417 831; x_wconf 74' lang='lat' dir='ltr'>fimilitude&#39;nem</span> <span class='ocrx_word' id='word_1_72' title='bbox 432 786 583 817; x_wconf 88' lang='lat' dir='ltr'>morum</span> <span class='ocrx_word' id='word_1_73' title='bbox 601 805 613 824; x_wconf 94' lang='lat'><em>‚</em></span> <span class='ocrx_word' id='word_1_74' title='bbox 648 769 767 833; x_wconf 69' lang='lat' dir='ltr'>qucim</span> <span class='ocrx_word' id='word_1_75' title='bbox 777 770 1024 834; x_wconf 80' lang='lat' dir='ltr'>affinitatem.</span> 
     </span>
    </p>

    <p class='ocr_par' dir='ltr' id='par_1_5' title="bbox 34 835 1038 1013">
     <span class='ocr_line' id='line_1_15' title="bbox 101 835 1038 899; baseline -0.002 -19"><span class='ocrx_word' id='word_1_76' title='bbox 101 838 153 880; x_wconf 93' lang='lat' dir='ltr'>In</span> <span class='ocrx_word' id='word_1_77' title='bbox 174 835 358 881; x_wconf 79' lang='lat' dir='ltr'>absentia</span> <span class='ocrx_word' id='word_1_78' title='bbox 371 871 392 888; x_wconf 16' lang='grc' dir='ltr'>,γ</span> <span class='ocrx_word' id='word_1_79' title='bbox 411 836 508 882; x_wconf 83' lang='lat' dir='ltr'>talia</span> <span class='ocrx_word' id='word_1_80' title='bbox 529 837 583 882; x_wconf 91' lang='lat' dir='ltr'>de</span> <span class='ocrx_word' id='word_1_81' title='bbox 605 836 803 899; x_wconf 89' lang='lat' dir='ltr'>Principe</span> <span class='ocrx_word' id='word_1_82' title='bbox 815 836 997 899; x_wconf 88' lang='lat' dir='ltr'>loquere</span> <span class='ocrx_word' id='word_1_83' title='bbox 1011 869 1038 889; x_wconf 83' lang='lat'>‚.</span> 
     </span>
     <span class='ocr_line' id='line_1_16' title="bbox 35 900 1028 964; baseline 0.002 -18"><span class='ocrx_word' id='word_1_84' title='bbox 35 916 133 963; x_wconf 77' lang='lat' dir='ltr'>quae</span> <span class='ocrx_word' id='word_1_85' title='bbox 146 902 478 964; x_wconf 75' lang='lat' dir='ltr'>ambiguitatem</span> <span class='ocrx_word' id='word_1_86' title='bbox 492 902 624 947; x_wconf 84' lang='lat' dir='ltr'>etiam</span> <span class='ocrx_word' id='word_1_87' title='bbox 635 901 748 963; x_wconf 87' lang='lat' dir='ltr'>apud</span> <span class='ocrx_word' id='word_1_88' title='bbox 761 900 1028 949; x_wconf 86' lang='lat' dir='ltr'>invidiosum</span> 
     </span>
     <span class='ocr_line' id='line_1_17' title="bbox 34 965 613 1013; baseline 0 -1"><span class='ocrx_word' id='word_1_89' title='bbox 34 965 275 1012; x_wconf 81' lang='lat' dir='ltr'>delatorem</span> <span class='ocrx_word' id='word_1_90' title='bbox 288 983 379 1013; x_wconf 89' lang='lat' dir='ltr'>non</span> <span class='ocrx_word' id='word_1_91' title='bbox 392 979 613 1013; x_wconf 82' lang='lat' dir='ltr'>moveant.</span> 
     </span>
    </p>

    <p class='ocr_par' dir='ltr' id='par_1_6' title="bbox 35 1031 1032 1227">
     <span class='ocr_line' id='line_1_18' title="bbox 101 1031 1030 1095; baseline 0.001 -17"><span class='ocrx_word' id='word_1_92' title='bbox 101 1035 165 1078; x_wconf 91' lang='lat' dir='ltr'>In·</span> <span class='ocrx_word' id='word_1_93' title='bbox 186 1049 232 1077; x_wconf 89' lang='lat' dir='ltr'>re</span> <span class='ocrx_word' id='word_1_94' title='bbox 253 1031 402 1078; x_wconf 67' lang='lat' dir='ltr'>vitiosa</span> <span class='ocrx_word' id='word_1_95' title='bbox 427 1049 482 1077; x_wconf 87' lang='lat' dir='ltr'>ne</span> <span class='ocrx_word' id='word_1_96' title='bbox 508 1035 616 1095; x_wconf 85' lang='lat' dir='ltr'>juva</span> <span class='ocrx_word' id='word_1_97' title='bbox 641 1033 891 1095; x_wconf 83' lang='lat' dir='ltr'>Principem</span> <span class='ocrx_word' id='word_1_98' title='bbox 906 1067 919 1086; x_wconf 94' lang='lat'>‚</span> <span class='ocrx_word' id='word_1_99' title='bbox 955 1031 1030 1079; x_wconf 88' lang='lat' dir='ltr'>sed</span> 
     </span>
     <span class='ocr_line' id='line_1_19' title="bbox 35 1097 1032 1162; baseline 0 -18"><span class='ocrx_word' id='word_1_100' title='bbox 35 1097 235 1144; x_wconf 86' lang='lat' dir='ltr'>abitionis</span> <span class='ocrx_word' id='word_1_101' title='bbox 281 1098 468 1145; x_wconf 86' lang='lat' dir='ltr'>modicae</span> <span class='ocrx_word' id='word_1_102' title='bbox 515 1111 781 1162; x_wconf 61' lang='lat' dir='ltr'>praetexi-um</span> <span class='ocrx_word' id='word_1_103' title='bbox 838 1098 891 1145; x_wconf 87' lang='lat' dir='ltr'>ab</span> <span class='ocrx_word' id='word_1_104' title='bbox 935 1097 1032 1145; x_wconf 85' lang='lat' dir='ltr'>aula</span> 
     </span>
     <span class='ocr_line' id='line_1_20' title="bbox 36 1180 198 1227; baseline 0 -18"><span class='ocrx_word' id='word_1_105' title='bbox 36 1180 198 1227; x_wconf 82' lang='lat' dir='ltr'>quaere.</span> 
     </span>
    </p>

    <p class='ocr_par' dir='ltr' id='par_1_7' title="bbox 36 1227 1080 1359">
     <span class='ocr_line' id='line_1_21' title="bbox 103 1227 1080 1292; baseline 0 -17"><span class='ocrx_word' id='word_1_106' title='bbox 103 1232 354 1292; x_wconf 86' lang='lat' dir='ltr'>Nunquam</span> <span class='ocrx_word' id='word_1_107' title='bbox 399 1229 445 1276; x_wconf 89' lang='lat' dir='ltr'>in</span> <span class='ocrx_word' id='word_1_108' title='bbox 478 1227 688 1276; x_wconf 59' lang='lat' dir='ltr'>affeetum</span> <span class='ocrx_word' id='word_1_109' title='bbox 722 1228 786 1276; x_wconf 91' lang='lat' dir='ltr'>sui</span> <span class='ocrx_word' id='word_1_110' title='bbox 820 1227 1030 1291; x_wconf 77' lang='lat' dir='ltr'>Principis</span> <span class='ocrx_word' id='word_1_111' title='bbox 1077 1248 1080 1256; x_wconf 72' lang='lat'><strong><em>¹</em></strong></span> 
     </span>
     <span class='ocr_line' id='line_1_22' title="bbox 36 1296 324 1359; baseline -0.003 -18"><span class='ocrx_word' id='word_1_112' title='bbox 36 1296 324 1359; x_wconf 85' lang='lat' dir='ltr'>peccandum.</span> 
     </span>
    </p>

    <p class='ocr_par' dir='ltr' id='par_1_8' title="bbox 37 1359 1032 1539">
     <span class='ocr_line' id='line_1_23' title="bbox 105 1359 1032 1423; baseline -0.003 -16"><span class='ocrx_word' id='word_1_113' title='bbox 105 1362 215 1407; x_wconf 91' lang='lat' dir='ltr'>Non</span> <span class='ocrx_word' id='word_1_114' title='bbox 249 1359 459 1423; x_wconf 69' lang='lat' dir='ltr'>perpetu&amp;</span> <span class='ocrx_word' id='word_1_115' title='bbox 493 1360 606 1406; x_wconf 79' lang='lat' dir='ltr'>adfis</span> <span class='ocrx_word' id='word_1_116' title='bbox 633 1359 851 1422; x_wconf 73' lang='lat' dir='ltr'>Principi,</span> <span class='ocrx_word' id='word_1_117' title='bbox 885 1374 1032 1421; x_wconf 88' lang='lat' dir='ltr'>neque</span> 
     </span>
     <span class='ocr_line' id='line_1_24' title="bbox 37 1425 1029 1488; baseline -0.002 -16"><span class='ocrx_word' id='word_1_118' title='bbox 37 1427 113 1472; x_wconf 88' lang='lat' dir='ltr'>diu</span> <span class='ocrx_word' id='word_1_119' title='bbox 124 1426 230 1472; x_wconf 86' lang='lat' dir='ltr'>abfis</span> <span class='ocrx_word' id='word_1_120' title='bbox 246 1458 258 1479; x_wconf 89' lang='lat'>‚</span> <span class='ocrx_word' id='word_1_121' title='bbox 275 1426 362 1472; x_wconf 91' lang='lat' dir='ltr'>hoc</span> <span class='ocrx_word' id='word_1_122' title='bbox 375 1425 646 1472; x_wconf 83' lang='lat' dir='ltr'>oblivionem</span> <span class='ocrx_word' id='word_1_123' title='bbox 662 1459 675 1480; x_wconf 84' lang='lat'><strong>,</strong></span> <span class='ocrx_word' id='word_1_124' title='bbox 700 1425 809 1471; x_wconf 79' lang='lat' dir='ltr'>illud</span> <span class='ocrx_word' id='word_1_125' title='bbox 830 1425 941 1488; x_wconf 82' lang='lat' dir='ltr'>parit</span> <span class='ocrx_word' id='word_1_126' title='bbox 953 1437 1029 1471; x_wconf 71' lang='lat' dir='ltr'>tac·</span> 
     </span>
     <span class='ocr_line' id='line_1_25' title="bbox 40 1493 907 1539; baseline -0.002 0"><span class='ocrx_word' id='word_1_127' title='bbox 40 1493 182 1539; x_wconf 80' lang='lat' dir='ltr'>dium.</span> <span class='ocrx_word' id='word_1_128' title='bbox 905 1510 907 1512; x_wconf 86' lang='lat'>·</span> 
     </span>
    </p>

    <p class='ocr_par' dir='ltr' id='par_1_9' title="bbox 41 1554 1046 1948">
     <span class='ocr_line' id='line_1_26' title="bbox 108 1554 1046 1618; baseline -0.006 -16"><span class='ocrx_word' id='word_1_129' title='bbox 108 1556 269 1618; x_wconf 87' lang='lat' dir='ltr'>Saepius</span> <span class='ocrx_word' id='word_1_130' title='bbox 289 1557 476 1604; x_wconf 85' lang='lat' dir='ltr'>verseris·</span> <span class='ocrx_word' id='word_1_131' title='bbox 497 1569 598 1604; x_wconf 84' lang='lat' dir='ltr'>ante</span> <span class='ocrx_word' id='word_1_132' title='bbox 620 1556 770 1604; x_wconf 85' lang='lat' dir='ltr'>oculos</span> <span class='ocrx_word' id='word_1_133' title='bbox 795 1554 1003 1616; x_wconf 84' lang='lat' dir='ltr'>Principis</span> <span class='ocrx_word' id='word_1_134' title='bbox 1016 1589 1046 1608; x_wconf 61' lang='lat'>2-</span> 
     </span>
     <span class='ocr_line' id='line_1_27' title="bbox 42 1621 1034 1685; baseline -0.002 -17"><span class='ocrx_word' id='word_1_135' title='bbox 42 1621 177 1669; x_wconf 86' lang='lat' dir='ltr'>nescis</span> <span class='ocrx_word' id='word_1_136' title='bbox 201 1623 320 1669; x_wconf 88' lang='lat' dir='ltr'>enim</span> <span class='ocrx_word' id='word_1_137' title='bbox 343 1623 617 1669; x_wconf 83' lang='lat' dir='ltr'>occafionem</span> <span class='ocrx_word' id='word_1_138' title='bbox 632 1658 645 1677; x_wconf 87' lang='lat'>,</span> <span class='ocrx_word' id='word_1_139' title='bbox 670 1639 768 1685; x_wconf 84' lang='lat' dir='ltr'>quae</span> <span class='ocrx_word' id='word_1_140' title='bbox 793 1621 1034 1668; x_wconf 83' lang='lat' dir='ltr'>obventura</span> 
     </span>
     <span class='ocr_line' id='line_1_28' title="bbox 44 1688 1028 1752; baseline -0.002 -17"><span class='ocrx_word' id='word_1_141' title='bbox 44 1691 104 1735; x_wconf 92' lang='lat' dir='ltr'>est</span> <span class='ocrx_word' id='word_1_142' title='bbox 127 1688 174 1734; x_wconf 85' lang='lat' dir='ltr'>in</span> <span class='ocrx_word' id='word_1_143' title='bbox 188 1688 450 1752; x_wconf 84' lang='lat' dir='ltr'>obsequium</span> <span class='ocrx_word' id='word_1_144' title='bbox 476 1692 521 1736; x_wconf 85' lang='lat'>&amp;</span> <span class='ocrx_word' id='word_1_145' title='bbox 535 1688 837 1751; x_wconf 74' lang='lat' dir='ltr'>aucupandam</span> <span class='ocrx_word' id='word_1_146' title='bbox 864 1688 1028 1734; x_wconf 84' lang='lat' dir='ltr'>Princi-</span> 
     </span>
     <span class='ocr_line' id='line_1_29' title="bbox 43 1750 1031 1819; baseline -0.001 -19"><span class='ocrx_word' id='word_1_147' title='bbox 43 1755 107 1819; x_wconf 78' lang='lat' dir='ltr'>pis</span> <span class='ocrx_word' id='word_1_148' title='bbox 130 1755 342 1818; x_wconf 82' lang='lat' dir='ltr'>gratiam,</span> <span class='ocrx_word' id='word_1_149' title='bbox 379 1750 512 1816; x_wconf 72' lang='lat' dir='ltr'>quam</span> <span class='ocrx_word' id='word_1_150' title='bbox 536 1755 707 1800; x_wconf 82' lang='lat' dir='ltr'>occulta</span> <span class='ocrx_word' id='word_1_151' title='bbox 729 1754 914 1816; x_wconf 84' lang='lat' dir='ltr'>quadam</span> <span class='ocrx_word' id='word_1_152' title='bbox 942 1752 1031 1799; x_wconf 86' lang='lat' dir='ltr'>sor·</span> 
     </span>
     <span class='ocr_line' id='line_1_30' title="bbox 41 1830 1039 1874; baseline -0.003 -6"><span class='ocrx_word' id='word_1_153' title='bbox 41 1834 88 1868; x_wconf 84' lang='lat' dir='ltr'>te</span> <span class='ocrx_word' id='word_1_154' title='bbox 99 1856 110 1874; x_wconf 89' lang='lat'>,</span> <span class='ocrx_word' id='word_1_155' title='bbox 125 1832 199 1866; x_wconf 86' lang='lat' dir='ltr'>aut</span> <span class='ocrx_word' id='word_1_156' title='bbox 210 1837 342 1867; x_wconf 78' lang='lat' dir='ltr'>unico</span> <span class='ocrx_word' id='word_1_157' title='bbox 356 1831 590 1866; x_wconf 86' lang='lat' dir='ltr'>momento</span> <span class='ocrx_word' id='word_1_158' title='bbox 602 1830 772 1867; x_wconf 71' lang='lat' dir='ltr'>amittas</span> <span class='ocrx_word' id='word_1_159' title='bbox 787 1854 801 1873; x_wconf 86' lang='lat'>,</span> <span class='ocrx_word' id='word_1_160' title='bbox 823 1831 897 1866; x_wconf 86' lang='lat' dir='ltr'>aut</span> <span class='ocrx_word' id='word_1_161' title='bbox 907 1834 1039 1866; x_wconf 76' lang='lat' dir='ltr'>unica</span> 
     </span>
     <span class='ocr_line' id='line_1_31' title="bbox 42 1886 511 1948; baseline -0.004 -14"><span class='ocrx_word' id='word_1_162' title='bbox 42 1886 268 1934; x_wconf 84' lang='lat' dir='ltr'>occafione</span> <span class='ocrx_word' id='word_1_163' title='bbox 288 1887 364 1933; x_wconf 80' lang='lat' dir='ltr'>tibi</span> <span class='ocrx_word' id='word_1_164' title='bbox 376 1902 511 1948; x_wconf 82' lang='lat' dir='ltr'>pares.</span> 
     </span>
    </p>

    <p class='ocr_par' dir='ltr' id='par_1_10' title="bbox 0 1949 1038 2146">
     <span class='ocr_line' id='line_1_32' title="bbox 111 1949 1038 2017; baseline 0 -19"><span class='ocrx_word' id='word_1_165' title='bbox 111 1955 278 2017; x_wconf 82' lang='lat' dir='ltr'>Magna</span> <span class='ocrx_word' id='word_1_166' title='bbox 299 1953 444 2014; x_wconf 86' lang='lat' dir='ltr'>potius</span> <span class='ocrx_word' id='word_1_167' title='bbox 465 1963 564 2015; x_wconf 89' lang='lat' dir='ltr'>pete</span> <span class='ocrx_word' id='word_1_168' title='bbox 595 1949 619 1997; x_wconf 69' lang='lat' dir='ltr'>a</span> <span class='ocrx_word' id='word_1_169' title='bbox 643 1950 841 2016; x_wconf 89' lang='lat' dir='ltr'>Principe</span> <span class='ocrx_word' id='word_1_170' title='bbox 871 1951 1006 1998; x_wconf 83' lang='lat' dir='ltr'>rarius</span> <span class='ocrx_word' id='word_1_171' title='bbox 1020 1985 1038 2004; x_wconf 68' lang='grc'>,-</span> 
     </span>
     <span class='ocr_line' id='line_1_33' title="bbox 0 2015 1034 2082; baseline 0.001 -19"><span class='ocrx_word' id='word_1_172' title='bbox 0 2028 4 2082; x_wconf 69' lang='grc' dir='ltr'><em>ζ</em></span> <span class='ocrx_word' id='word_1_173' title='bbox 49 2015 184 2082; x_wconf 71' lang='lat' dir='ltr'>quam</span> <span class='ocrx_word' id='word_1_174' title='bbox 209 2019 385 2065; x_wconf 87' lang='lat' dir='ltr'>modica</span> <span class='ocrx_word' id='word_1_175' title='bbox 396 2018 531 2079; x_wconf 87' lang='lat' dir='ltr'>saepe‚</span> <span class='ocrx_word' id='word_1_176' title='bbox 557 2018 677 2081; x_wconf 87' lang='lat' dir='ltr'>quod</span> <span class='ocrx_word' id='word_1_177' title='bbox 698 2016 1034 2064; x_wconf 66' lang='lat' dir='ltr'>mtdtum‘fasti·</span> 
     </span>
     <span class='ocr_line' id='line_1_34' title="bbox 47 2082 932 2146; baseline -0.003 -13"><span class='ocrx_word' id='word_1_178' title='bbox 47 2084 157 2133; x_wconf 81' lang='lat' dir='ltr'>stidii</span> <span class='ocrx_word' id='word_1_179' title='bbox 172 2119 183 2137; x_wconf 89' lang='lat'><em>,</em></span> <span class='ocrx_word' id='word_1_180' title='bbox 207 2085 353 2132; x_wconf 86' lang='lat' dir='ltr'>minus</span> <span class='ocrx_word' id='word_1_181' title='bbox 367 2082 472 2132; x_wconf 52' lang='lat' dir='ltr'>iser&amp;</span> <span class='ocrx_word' id='word_1_182' title='bbox 484 2084 651 2146; x_wconf 84' lang='lat' dir='ltr'>praemii</span> <span class='ocrx_word' id='word_1_183' title='bbox 662 2083 741 2130; x_wconf 85' lang='lat' dir='ltr'>tibi</span> <span class='ocrx_word' id='word_1_184' title='bbox 753 2083 932 2130; x_wconf 88' lang='lat' dir='ltr'>adferet.</span> 
     </span>
    </p>

    <p class='ocr_par' dir='ltr' id='par_1_11' title="bbox 112 2149 1038 2217">
     <span class='ocr_line' id='line_1_35' title="bbox 112 2149 1038 2217; baseline -0.006 -17"><span class='ocrx_word' id='word_1_185' title='bbox 112 2152 189 2200; x_wconf 86' lang='lat' dir='ltr'>Ne</span> <span class='ocrx_word' id='word_1_186' title='bbox 212 2150 316 2201; x_wconf 67' lang='lat' dir='ltr'>vel&#39;ss</span> <span class='ocrx_word' id='word_1_187' title='bbox 338 2151 470 2201; x_wconf 82' lang='lat' dir='ltr'>nimis</span> <span class='ocrx_word' id='word_1_188' title='bbox 502 2149 715 2217; x_wconf 82' lang='lat' dir='ltr'>gloriosus</span> <span class='ocrx_word' id='word_1_189' title='bbox 737 2166 938 2216; x_wconf 84' lang='lat' dir='ltr'>apparere</span> <span class='ocrx_word' id='word_1_190' title='bbox 962 2150 1038 2195; x_wconf 59' lang='lat' dir='ltr'>c0-‘</span> 
     </span>
    </p>

    <p class='ocr_par' dir='ltr' id='par_1_12' title="bbox 940 2228 1039 2264">
     <span class='ocr_line' id='line_1_36' title="bbox 940 2228 1039 2264; baseline 0 0"><span class='ocrx_word' id='word_1_191' title='bbox 940 2228 1039 2264; x_wconf 52' lang='lat' dir='ltr'>ram</span> 
     </span>
    </p>
   </div>
  </div>
 </body>
</html>
