1320 2490
261 80 292 125 S
304 89 374 126 σῖ(
389 89 501 125 1'11‘1'.
541 74 758 126 F'monr
769 94 793 126 ε
806 95 837 125 N
851 96 879 126 ’r
895 76 944 125 A(
1066 90 1112 141 5¹

103 162 407 226 complacens,
433 164 510 227 qui
534 162 783 226 inspeciem
795 162 1064 211 consulendo
1078 196 1091 216 ,

101 245 194 275 non
216 240 347 275 tuum
372 229 813 292 confiliumquaerit,
850 229 925 276 sed
950 228 1092 293 magis

98 293 232 342 suum
255 295 536 358 probandum
562 296 708 357 cupit,
745 299 791 343 &
814 295 894 342 nifi
909 294 1089 349 habeam

96 360 319 423 improbat
336 362 558 424 judicium
581 362 776 408 alienum
800 361 933 408 fimul
960 360 1088 408 &of-

93 425 300 474 fenditur.
332 427 552 481 Alterum,
566 439 616 474 ut
628 427 862 474 confilium
873 427 1092 475 secretum

94 491 173 545 fit,
211 509 277 539 res
291 494 412 539 enim
437 510 612 558 magnae
632 493 686 540 ab
699 509 752 539 eo
775 493 972 539 sustineri
993 509 1088 541 non

91 558 295 619 possunt,
331 559 399 605 cui
413 571 553 605 tacere
574 560 788 622 graveest.
829 557 1012 612 Deinde,
1039 570 1091 606 ut

0 619 2 696 ζ
63 670 67 672 ,
90 620 182 679 §ito
209 624 462 673 consultum
487 624 772 687 exsequatur,
796 640 906 670 neve
927 625 1087 688 agendi

89 690 288 751 tempora
301 691 581 737 cunetatione
602 702 676 737 aut
686 690 963 736 deliberando
975 706 1084 736 con—

88 753 233 801 sumat
255 790 268 809 ,
306 772 467 819 magna
488 757 608 802 enim
631 756 677 802 in
701 755 947 818 Republica
979 772 1083 803 mo÷

88 833 237 885 menta
261 821 361 867 sunt
395 834 667 884 temporum.
710 825 922 871 Ultimum
934 822 1084 875 est,ut

86 902 184 932 eam
196 886 452 933 sententiam
467 887 769 960 exequendam
793 886 962 941 sumat,
987 905 1080 937 non

86 968 185 1014 quae
198 953 372 999 doc‘hor
382 965 457 998 aut
467 953 685 1006 ornatior,
699 952 772 999 sed
786 970 884 1016 quae
897 970 920 998 a
932 955 1076 1015 majo·

84 1034 188 1063 rum
210 1018 411 1064 institutis
435 1021 480 1064 ὃς
494 1018 626 1082 genio
649 1018 986 1081 populiiumpta
997 1010 1091 1073 iit,-

82 1083 152 1128 vel
192 1080 437 1144 (utclanus
450 1084 637 1146 loquar)
674 1100 773 1146 quae
796 1100 902 1130 cum
927 1095 1131 1132 natura»>

84 1148 357 1211 Reipublicae
382 1164 497 1196 conv
499 1150 639 1202 eniat3
672 1149 853 1194 Oraculi
878 1149 1074 1197 m1h11n-

82 1215 163 1259 star
175 1215 347 1260 diei-um
362 1249 375 1268 ,
407 1217 444 1262 A
451 1214 478 1260 d
502 1212 782 1276 consulendum
798 1213 844 1261 de
858 1215 1078 1277 Republica

77 1292 193 1338 caput
207 1278 374 1341 qllnoſje
387 1278 715 1341 Rempublicam,
741 1279 852 1342 saepe
873 1281 925 1326 ad
949 1281 1073 1329 hunc

78 1345 313 1406 scopulum
326 1345 452 1391 allifit
473 1345 583 1408 saepe
604 1344 788 1392 suasoria
800 1347 897 1393 ratis
911 1380 924 1399 ,
961 1363 1071 1395 cum

77 1411 211 1456 multi
233 1422 442 1473 tanquam
466 1412 511 1457 in
537 1411 726 1458 Platonis
749 1411 897 1458 schola
909 1413 963 1458 de
975 1416 1069 1460 Re·

77 1475 251 1537 publica
272 1477 410 1538 plenis
434 1476 582 1523 buccis
606 1476 825 1539 disputant
849 1482 894 1525 ὃς
918 1477 1068 1527 ferunt

77 1541 335 1588 sententiam
347 1577 360 1595 ,
386 1558 434 1588 ac
446 1543 583 1589 deilla
596 1544 778 1605 quidem
803 1560 901 1606 quae
914 1545 960 1590 in
972 1545 1069 1592 ide-a

77 1607 156 1660 fit,
183 1624 274 1653 non
287 1624 424 1671 quam
435 1608 625 1654 vivimus
650 1622 725 1655 aut
747 1610 818 1655 cui
842 1609 1082 1657 consulere-

75 1673 301 1719 debemus.
329 1679 392 1720 At
403 1691 458 1720 ne
470 1675 645 1721 medico
658 1675 842 1738 quidem
853 1675 1036 1737 probato
1050 1711 1076 1731 ,γ

72 1738 227 1784 iisdem
251 1739 352 1785 licet
373 1741 419 1785 in
442 1740 610 1789 morbis
634 1742 785 1787 eadem
810 1741 911 1788 sunt
922 1758 1066 1789 reme-

75 1804 143 1848 dia
158 1839 170 1857 ‚
194 1804 267 1850 sed
279 1822 360 1867 pro
373 1805 615 1853 diverfitate
627 1819 788 1853 naturae
802 1807 1062 1862 hominum,

72 1869 267 1916 formare
278 1871 356 1917 alia
366 1883 498 1934 atque
508 1873 587 1918 alia
599 1889 707 1935 opus
721 1872 852 1919 habet
862 1909 876 1928 ‚
899 1871 1075 1920 verum-

73 1936 150 1998 qui
161 1936 239 1982 tibi
250 1936 338 1983 sola
350 1937 623 2000 Hippocratis
634 1951 709 1985 aut
721 1939 878 1986 Galenj
901 1956 1063 2002 praece-

71 2013 145 2064 pta
166 2015 342 2050 vocatus
366 2002 510 2056 ferat,
546 2021 692 2068 neque
714 2018 915 2052 naturam
936 2016 1070 2053 tuam

73 2068 180 2131 quid
192 2080 333 2130 petat,
359 2081 433 2115 aut
456 2070 562 2134 quid
584 2071 719 2124 ferat,
743 2071 994 2118 sedlibrum
1008 2073 1064 2118 de

73 2135 290 2183 medicina
309 2134 565 2201 speculativa
586 2106 814 2194 consulat,
816 2138 1072 2186 medicum.

563 2206 614 2251 A
646 2208 680 2252 6
926 2203 1071 2251 fimul·
