1320 2490
202 89 293 148 248
340 88 625 133 ANDREAE
652 84 806 129 MAx.
845 84 1085 131 FRx-:nno

197 178 467 226 interventu,
494 190 559 220 res
584 173 668 219 Dei
693 171 905 217 beneficio
928 172 1105 228 lanatae,
1131 184 1180 222 ut

192 241 373 288 tandem
425 239 602 285 fortuna
626 237 794 285 Polona
824 237 877 285 in?
907 237 1064 284 melius
1090 239 1179 286 elu-

172 362 175 365 .
197 308 310 352 <stata
321 305 399 358 fit,
427 321 480 350 ne
491 305 681 366 potiores
696 303 740 349 in
753 319 805 348 eo
817 304 1001 350 rationes
1015 304 1180 366 impor-

198 370 305 419 tune
332 372 519 416 revelare
531 387 640 433 opus
655 369 853 415 habeam.

261 437 390 484 Circa
399 437 608 482 ordinum
622 435 754 481 studia
767 469 780 488 ‚
807 451 897 480 non
911 434 1101 482 diffiteor
1110 436 1184 482 ali·
1233 494 1236 496 Ι

198 519 303 565 quas
317 501 477 547 oboriri
493 503 612 563 poffe
626 500 889 553 simultates,
915 500 985 546 sed
1012 513 1062 546 ut
1073 501 1181 548 olim
1238 545 1243 548 Δ

196 571 361 614 Romae
371 568 646 613 observatum
661 601 673 620 ,
698 583 788 612 non
802 565 986 611 obfuisse
997 566 1069 612 sed
1081 583 1181 629 pro-

193 632 321 679 fuisse
331 633 475 693 potius
490 667 502 685 ,
528 631 636 678 cum
648 632 781 677 studia
793 631 924 694 plebis
948 635 990 678 &
1007 635 1183 679 Senatus

195 698 308 743 inter
330 697 372 743 se
384 695 559 743 modice
577 697 885 743 colliderentur
900 700 918 758 (
922 708 972 743 ut
982 697 1035 743 ab
1047 714 1100 744 eo
1114 698 1181 745 vel

192 767 372 809 Senatus
397 775 649 827 argueretur
675 763 905 825 vigilantiae
934 779 1034 826 erga
1045 763 1180 824 plebis

193 830 437 891 potentiam
452 863 466 883 ,
488 830 557 875 vel
572 846 627 875 ne
650 829 768 891 plebs
784 831 964 874 Patrum
985 828 1181 890 superbia

192 908 453 958 gravaretur,
466 896 711 940 interventu
724 894 1031 940 Tribunorum
1043 894 1178 956 plebis

193 959 420 1005 obviatum
446 960 567 1022 erat)
593 973 644 1006 ut
667 961 780 1006 inter
803 976 897 1005 eam
923 960 1182 1007 animorum

190 1025 490 1072 &studiorum
508 1026 689 1078 luctam,
704 1026 879 1071 summa
892 1025 937 1070 in
949 1025 1177 1088 publicum

190 1091 414 1137 eliceretur
425 1092 808 1144 omniumvirtus5
834 1091 919 1136 Hic
944 1092 1073 1137 etiam
1087 1091 1177 1137 fru-
1205 1113 1211 1120 ·

188 1158 269 1202 stra
292 1158 388 1219 quis
402 1158 591 1219 requirat
612 1154 862 1219 scrupulose
878 1190 890 1209 ‚
916 1157 1029 1202 inter
1056 1157 1174 1204 sum-

185 1239 312 1268 mam
327 1223 569 1269 libertatem
585 1240 683 1285 quae
694 1224 752 1268 est
764 1239 893 1284 penes
916 1223 1080 1285 equites
1097 1257 1108 1274 ‚
1129 1225 1174 1270 &

184 1286 419 1334 summum
445 1289 698 1334 dominium
724 1288 845 1351 quod
870 1289 927 1333 est
951 1289 995 1333 in
1021 1291 1173 1350 Rege,

175 1352 308 1397 'Velut
328 1354 440 1398 inter
464 1367 661 1398 extrema
685 1354 774 1399 duo
789 1387 802 1405 ‚
829 1366 878 1398 ut
901 1353 1038 1398 abfint
1051 1352 1172 1397 colli·

184 1416 324 1463 fiones
348 1419 547 1479 quaedam
563 1419 830 1470 studiorum,
855 1417 964 1462 dum
990 1417 1179 1479 quisque

183 1482 236 1528 ad
259 1482 390 1529 suum
412 1484 628 1529 tuendum
653 1482 832 1529 advertit
846 1517 858 1536 ,
894 1483 1052 1545 partim
1075 1482 1171 1527 nefi
1228 1488 1231 1490 ’

180 1547 365 1594 libertati
398 1550 538 1612 gravis
561 1549 613 1593 fit
647 1549 848 1610 Princeps
864 1583 876 1600 ,
913 1547 1174 1610 Respublica

181 1615 479 1676 opprimatur,
502 1627 575 1659 aut
596 1614 627 1659 fi
652 1615 820 1660 libertas
844 1613 1037 1659 nimium
1063 1630 1167 1659 exu-

179 1679 301 1725 beret
324 1679 628 1733 &insolescat‚
657 1696 712 1725 ne
736 1680 782 1725 in
805 1678 1027 1725 licentiam
1055 1679 1172 1725 versa

179 1747 320 1808 gravis
334 1746 386 1791 fit
398 1746 605 1807 Principis
618 1745 845 1807 Maiestati.
875 1745 1006 1791 Adest
1018 1757 1172 1806 praete-

178 1827 249 1855 rea
272 1812 488 1858 mediator
521 1815 725 1864 Senatus,
762 1811 838 1874 qui
864 1827 944 1856 nec
979 1810 1166 1856 summae

177 1878 374 1936 potest-ati
387 1891 538 1924 contra
550 1878 845 1930 Libertatem,
871 1892 952 1922 nec
963 1877 1168 1939 equitum

175 1941 359 1987 licentiae
394 1955 544 1990 contla
577 1945 850 2005 Majestatem
879 1941 1165 2006 suffragatur,

176 2005 249 2056 fed
270 2023 365 2053 rem
402 2010 672 2056 conciliando
697 2008 925 2073 vigilanter
958 2008 1166 2061 attendit,

177 2088 234 2117 ne
244 2072 412 2120 libertas
425 2090 528 2120 cum
541 2076 715 2122 summa
735 2075 940 2137 potestate
949 2073 1163 2134 periculo-

176 2135 224 2187 se.
237 2139 607 2197 committantur
630 2141 799 2192 bilance
821 2156 918 2190 rem
940 2139 1167 2192 librando,

1107 2220 1173 2253 ne
