1320 2490
224 102 463 144 SCR1PT.
503 99 903 143 FRAGMENTA.
973 99 1066 159 285

71 188 133 235 uti
159 186 274 235 certe
299 188 396 233 sunt
418 187 570 234 omnia
603 185 684 233 rite
709 186 1038 251 perspicienda
1020 206 1065 236 m

0 282 2 298 .
40 307 41 310 Ἰ
72 271 151 308 e0,
178 255 255 317 qui
279 253 798 300 Dt1s<be¹11c1eanduss1t
831 256 933 318 Jam
959 253 1062 301 vero

0 313 2 317 ’
70 321 116 367 in
146 325 256 384 Toga
283 320 439 381 probet
457 320 610 365 itidem
637 322 680 365 ὃς
707 319 916 393 provehat
941 321 1063 367 Prin-

0 405 3 413 ·
71 403 169 449 ceps
193 387 470 438 ministrum,
494 401 572 446 pel
585 385 756 431 minora
767 385 905 448 prim
893 395 968 433 ‘tm
983 386 1063 433 ob-

0 472 4 481 ·
69 452 239 516 sequia‚
255 468 332 514 per
347 450 668 502 Secretaiiatus,
682 451 1032 499 Commifliones
1049 487 1064 506 ,

69 518 356 582 Legationes,
381 516 453 562 sed
467 513 665 562 maxime
678 533 756 579 per
768 517 946 564 confilia
958 519 1066 564 dan-

0 588 9 624 ἒ-
69 585 156 630 da
144 601 191 630 1n
203 583 420 646 regimine
431 581 698 643 particulari,
725 586 770 629 ὃς
794 599 871 645 per
888 583 1063 630 univer-

0 660 5 690 =
36 655 37 658 ’
66 650 195 703 sum,
221 648 517 695 conservando
532 648 676 710 potius
689 648 784 702 sua,
800 665 935 713 quam
949 649 1065 696 inso-

67 715 206 762 lenter
226 715 468 777 appetendo
491 714 627 759 aliena
649 734 661 767 3
698 714 797 761 dein
830 717 1064 764 avertendo

0 775 5 786 ⁸
66 794 142 828 aut
175 782 308 828 etiam
344 780 618 826 decernendo
644 780 787 834 bello,
824 781 1066 830 foederibus

0 868 5 883 ε
64 847 327 899 sanciendis,
350 845 620 892 societatibus
644 857 898 893 exterorum
910 864 1061 910 paran-

69 914 160 970 dis,
183 912 365 959 adversis
390 911 693 958 molitionibus
732 911 855 974 (tam
878 914 963 959 ab
951 926 1062 962 nitra

67 996 204 1043 quarn
217 979 269 1024 ab
281 978 432 1035 extra)
469 975 640 1024 matule
653 979 964 1039 praevidend1s
979 997 1061 1028 nec

0 1055 2 1065 '
67 1062 203 1091 manu
216 1044 412 1106 semper,
439 1059 598 1090 verum
613 1044 794 1091 confilio
805 1045 957 1108 saepius
970 1046 1062 1093 fine

30 1170 32 1172 v
65 1111 190 1158 sensu
202 1110 483 1163 amovendis,
505 1110 766 1172 probatum,
782 1112 968 1158 demum
984 1129 1059 1159 na-

65 1187 211 1223 turam
234 1176 297 1223 sui
321 1177 448 1222 status
463 1179 509 1222 &
531 1176 683 1238 populi
706 1176 914 1223 scientem
932 1212 943 1230 ‚
980 1194 1059 1240 pei·

0 1270 2 1286 .
64 1242 248 1289 suorum
263 1246 575 1290 &exterorum
598 1243 803 1290 Historias
815 1243 1058 1299 versatum,

0 1330 1 1333 ¹
65 1308 362 1370 persuadendo
375 1319 603 1369 potentem
628 1311 671 1354 &
697 1321 923 1372 promptum
942 1343 954 1365 ,
983 1312 1057 1356 ad-

66 1373 349 1420 ministrando
364 1373 568 1426 fidelem,
595 1374 721 1420 donis
745 1378 789 1420 &
812 1376 1058 1437 corruptio-

35 1451 38 1453 ’
67 1440 192 1486 nibus
205 1439 473 1502 impervium
487 1474 499 1492 ,
513 1438 663 1485 secreti
687 1440 924 1503 patientem
941 1477 952 1494 ‚
968 1444 1055 1504 pri-

0 1541 2 1549 i
66 1518 160 1552 vata
181 1506 363 1569 publicis
394 1504 753 1567 posthabentem,
801 1506 1060 1554 conscientia

64 1584 268 1634 pacatum
283 1607 294 1625 ,
319 1575 485 1634 Ingenio
503 1575 520 1630 (
533 1570 652 1633 quod
667 1571 955 1635 maximum)
972 1590 1058 1621 mo·

67 1634 214 1693 delium
233 1658 245 1685 :
273 1637 434 1684 Probet
456 1636 638 1698 inquam
663 1653 739 1699 per
762 1638 935 1684 minora
958 1656 1059 1686 mu-

0 1712 3 1724 '
66 1704 137 1750 nia
151 1703 320 1768 &legat
333 1703 584 1748 ministmm
597 1704 800 1766 Princeps
816 1737 828 1756 ‚
854 1720 935 1750 nec
947 1722 1063 1752 erra.

24 1804 25 1807 η
66 1769 131 1816 bit
149 1769 364 1830 [Clientes
376 1769 506 1830 etiam
527 1779 601 1814 aut
623 1769 754 1815 amici
792 1773 810 1830 (
823 1782 1059 1834 antequam

0 1851 6 1870 -·
24 1842 45 1860 ²
68 1838 115 1881 in
128 1835 444 1882 confidentiam
455 1834 729 1881 intimiorem
743 1836 1055 1895 admittantur)

66 1918 145 1965 per
178 1914 380 1966 tempora
419 1905 463 1949 ὃς
488 1901 733 1947 occationes
745 1901 1059 1966 prosperorum

67 1979 168 2014 tum
192 1968 474 2014 adversorum
499 1966 657 2013 sensim
679 1968 890 2029 probandi
903 1981 1057 2023 erunt,

70 2051 127 2080 ne
148 2035 359 2098 poeniteat
381 2034 552 2080 creditae
576 2034 778 2081 amicitiae
802 2038 846 2082 &
872 2036 1057 2082 secreto-

67 2116 196 2154 rum3
219 2100 346 2148 satius
369 2100 703 2146 cunetationein
725 2113 778 2148 eo
787 2103 1059 2164 peccandum

0 2194 22 2233 '.‘
67 2165 268 2215 suadeam
283 2202 295 2222 ‚
319 2164 457 2232 quam
479 2166 791 2230 properantia]
1022 2228 1031 2234 π

32 2250 41 2264 ’-
568 2234 617 2280 Ν
656 2250 681 2280 2
1008 2235 1063 2282 In
