1320 2490
222 97 314 143 86⁷
350 98 622 141 ANDREAE
658 97 811 141 MAx.
848 95 1097 141 Fnssnno

220 182 302 227 luit
317 215 329 233 ,
355 194 403 226 ut
416 197 520 226 cum
533 180 738 227 omnium
756 181 919 227 horum
931 180 1209 227 redimendo-

219 262 322 292 rum
334 247 590 308 potestatem
616 247 806 293 Anniba¹
830 247 1017 300 fecisset,
1039 246 1209 308 sperne-

218 322 285 356 ret
293 321 443 357 tamen
455 310 622 357 senatus
635 312 878 357 redimendi
892 313 1211 364 conditionem,

219 375 365 438 potius
377 393 450 423 eos
461 377 572 423 ultra
594 390 878 424 mortuorum
905 377 1210 423 conditionem

219 441 456 505 relegando
467 477 480 496 ,
508 458 687 489 memor
698 454 864 490 tantam
878 441 1212 489 multitudinem

221 519 497 555 armatorum
514 509 732 571 juvenum
747 543 761 562 ,
807 509 840 554 fi
875 505 1057 555 honeste
1093 507 1212 554 mori

219 572 466 620 maluissent
487 574 671 635 turpiter
683 574 775 635 capi
790 590 878 621 non
893 574 1090 636 potuisse.
1117 575 1211 620 Ne-

218 653 307 701 que
318 639 407 685 hoc
420 638 555 686 mirer
566 673 581 693 ,
605 639 677 685 sed
688 638 795 685 illud
808 640 949 703 magis
961 673 975 692 ,
999 637 1108 685 cum
1119 639 1216 700 post

219 720 318 750 earn
333 705 502 751 cladem
515 739 534 758 5
552 704 732 768 penuriss
753 704 953 750 virorum
979 706 1134 751 Roma
1153 704 1213 751 la-

217 769 390 817 boraret
401 805 414 825 ,
427 772 503 817 vix
517 770 715 817 habitura
724 771 844 816 unde
856 769 1212 817 exercitumscri-

219 833 354 890 beret,
367 836 523 883 maluit
531 847 681 883 tamen
695 835 869 883 aliunde
878 836 957 882 fibi
972 835 1213 890 consulere,

219 916 359 964 quarn
393 914 443 949 ut
476 903 606 966 ignav
608 917 740 949 orum
787 917 1029 948 numerum
1073 902 1216 949 castris

217 967 450 1029 exciperet.
498 969 663 1032 Neque
683 967 791 1014 illud
815 967 1024 1014 omittam
1044 1000 1059 1021 ,
1107 983 1214 1014 cum

217 1031 336 1078 idem
352 1036 536 1080 Senatus
544 1036 780 1080 Romanus
804 1045 975 1095 partem
1000 1033 1215 1080 exercitus

217 1099 340 1160 quod
356 1099 580 1162 Regium
568 1116 628 1162 111]
617 1099 730 1145 usto
743 1098 859 1145 bello
882 1099 1152 1160 occupasset,
1168 1102 1215 1145 &

217 1164 380 1226 privata
391 1165 653 1211 authoritate
675 1167 997 1226 Imperatorem
1011 1164 1088 1209 fibi
1099 1163 1214 1210 dele-

218 1230 369 1292 giffet,
394 1230 539 1276 delic‘ti
558 1230 773 1292 judiearet
796 1264 814 1283 ‚-
836 1246 928 1292 quo
952 1230 1129 1276 minore
1146 1230 1210 1276 in-

217 1295 331 1340 vidia
341 1312 473 1357 poena
484 1308 760 1360 perageretur
773 1333 788 1352 ,
810 1295 924 1341 sorte
935 1294 1071 1343 lec‘tos
1085 1296 1223 1359 quin--

217 1376 440 1424 quagenos
454 1362 584 1425 virgis
598 1361 726 1408 caesos
737 1361 874 1407 securi
886 1361 1223 1424 percutijusfit‘,
1279 1374 1286 1422 J
1314 1416 1316 1423 χ

218 1442 466 1490 corumque
500 1441 683 1490 corp01a
709 1426 939 1489 sepulturae
975 1427 1173 1472 mandari
1200 1461 1214 1480 ,

216 1505 502 1556 mortemque
512 1493 651 1558 iuven
666 1493 814 1539 vetuit.
821 1494 1065 1556 Suggeram
1081 1492 1219 1538 etiam.
1284 1503 1286 1506 '
1316 1532 1317 1539 ,

214 1557 326 1604 illud
338 1559 501 1638 Qinti
513 1532 711 1613 Metelli,
738 1576 857 1605 cum
860 1559 912 1603 ad
926 1557 1215 1604 Contrebiam

215 1621 476 1671 collocatas
460 1642 483 1670 a
495 1624 562 1671 se
550 1641 596 1671 m
610 1625 799 1688 quadam
819 1623 1000 1670 statione
1013 1623 1215 1686 quinque

216 1689 421 1736 cohortes
437 1724 450 1744 ,
478 1689 649 1736 easdem
676 1690 836 1736 viribus
852 1689 1045 1735 hostium
1073 1688 1214 1751 pulsas

216 1755 413 1809 vich'ffet,
449 1768 642 1819 repetere
654 1756 838 1802 eandem
853 1752 1115 1802 stationem
1098 1772 1121 1801 e
1138 1771 1163 1800 v
1167 1772 1211 1798 e·

213 1819 354 1884 stigio
355 1821 500 1878 justit,
501 1838 608 1868 non
622 1822 744 1886 quod
757 1821 942 1883 speraret
955 1820 1030 1866 ab
1021 1822 1100 1866 ris
1083 1819 1213 1866 amit-

213 1883 317 1931 sum
345 1886 498 1932 locum
512 1904 750 1951 recupemrl
765 1887 913 1949 poste,
940 1886 1011 1933 sed
1026 1898 1076 1932 ut
1100 1903 1167 1948 pr
1154 1902 1210 1930 π·-

210 1951 347 1998 teritae
361 1951 536 2013 culpam
550 1970 710 2017 pugnae
734 1952 994 2015 insequentis
1011 1963 1100 1997 cert
1102 1951 1212 1997 11111-

214 2016 280 2063 nis
314 2016 545 2064 manifesto
580 2018 774 2080 periculo
807 2018 980 2080 puni1et
1007 2037 1019 2071 5
1061 2016 1212 2063 Edixit

214 2082 374 2135 etiam,
402 2094 452 2129 ut
477 2083 510 2128 fi
525 2085 622 2146 quis
648 2100 704 2130 ex
719 2083 785 2129 his
801 2083 933 2147 fugie
925 2101 972 2130 ns
987 2083 1115 2129 castra
1128 2099 1204 2144 pe·

214 2147 343 2196 niffet
357 2181 370 2203 ‚
394 2164 476 2213 pro
488 2148 612 2198 hoste
624 2148 940 2198 interficeretur
953 2184 966 2204 ‚
984 2165 1071 2214 qua
1085 2147 1202 2194 seve·

1085 2214 1218 2261 ritate.
1292 2263 1293 2266 ,
