1320 2490
257 125 497 170 SCRIPT.
537 125 933 172 FRAGMENTA.
976 142 1062 189 253

87 218 301 281 repagulis
323 218 587 264 muniuntur
600 253 612 271 ,
635 219 705 266 sed
716 219 803 265 sola
821 220 1063 281 juramenti

79 284 314 328 reverenti-2
326 287 367 330 δ’.
383 283 600 330 fimetitate
612 320 623 338 ‚
637 285 747 330 dum
759 287 853 346 post
865 286 1065 332 exafitam

78 364 274 410 poenam
274 350 464 403 iuratur,
489 351 543 395 de
555 349 738 396 fideliter
759 352 912 395 emoto
927 366 1065 395 carce-

77 429 149 458 re·
140 447 151 466 ,
180 416 300 459 Nam
322 414 419 459 alias
441 416 698 461 tantundem
710 415 976 476 protrahitur
987 414 1068 460 ses-

78 477 171 530 fio3
188 490 237 523 ut
249 478 308 523 hc
319 495 400 540 pro
413 492 554 541 gentis
567 492 848 542 mgenmtate
864 496 953 525 non
968 495 1065 526 coa-

45 542 49 547 ”
79 540 150 588 &e
175 543 247 588 sed
261 543 481 597 volenter,
505 544 550 593 in
572 560 754 606 poenam
789 543 853 590 sui
886 543 1067 590 consen-

41 655 43 659 Α
81 608 157 653 tiat
168 624 279 654 reus.

40 681 43 684 ’
144 674 215 719 Ad
239 673 444 720 fortalitia
468 684 678 729 ventum3
717 674 812 720 haec
845 674 891 720 in
926 674 1068 721 nostra

76 750 210 801 gente
233 737 324 801 quo
350 740 510 786 rariora
519 739 644 793 sunt,
671 738 724 785 eo
739 739 927 786 securior
950 739 1068 786 intus

37 807 40 810 ’
76 806 124 849 &
137 803 243 850 foris
258 805 519 866 Respublica
532 840 544 859 ‚
573 805 784 851 hodierna
796 805 899 851 belli
915 805 1074 852 Polono

34 872 37 877 '
74 872 251 933 Europei
279 870 446 924 moles,
474 887 570 916 rem
593 871 826 934 loquatur3
854 886 957 916 nam
971 869 1070 915 ubi-

29 992 33 1002 ,
74 950 252 1008 cunque
274 935 466 996 partium
490 936 651 982 rariora
673 936 801 982 fuere
835 952 912 998 per
934 935 1065 983 Polo-

27 1029 32 1038 ·
73 1000 195 1047 niam
209 999 440 1055 fortalitia,
466 1002 639 1048 minora
663 1001 770 1048 inibi
784 1001 917 1048 hostis
931 1001 1070 1064 capie·

27 1064 29 1067 ’
72 1065 145 1113 bat
156 1065 564 1121 bessiincrementa3
579 1065 704 1114 Cum
716 1067 836 1112 enim
863 1071 882 1128 ζ
886 1079 934 1113 ut
944 1083 1072 1132 mge-

26 1126 27 1129 ’
72 1130 160 1178 11υέ
177 1131 339 1189 fatear)
355 1133 495 1179 nostra
511 1148 617 1197 gens
632 1148 747 1195 equo
760 1133 918 1179 affueta
929 1134 981 1179 ad
992 1149 1069 1195 pe-

72 1197 262 1244 destrem
288 1198 494 1245 militiam
509 1215 600 1245 non
623 1197 677 1244 fit
698 1209 905 1261 prompta
943 1198 1069 1260 (fine

73 1279 161 1327 qua
193 1264 473 1311 munimenta
507 1264 624 1311 haud
660 1262 780 1311 reste
802 1261 1069 1322 subfistunt)

70 1328 173 1376 ideo
188 1345 286 1392 quae
295 1329 423 1377 fuere
435 1330 592 1409 paffim
605 1329 833 1384 fortalitia,
848 1329 962 1376 hosti
974 1345 1069 1376 ma-

16 1389 19 1414 ⁷
71 1395 138 1460 gis
153 1408 303 1442 contra
317 1413 422 1450 nos,
438 1412 575 1459 quam
588 1395 713 1443 nobis
725 1395 947 1459 profuere.
994 1394 1079 1442 Ab»

15 1471 20 1476 '
71 1462 224 1508 eadem
239 1462 406 1508 ratione
425 1462 647 1525 sequitur,
670 1474 722 1508 ut
745 1478 852 1508 cum
875 1460 1068 1508 retinen-

4 1550 16 1590 ⁷.
71 1527 136 1573 dis
159 1527 372 1574 fortalitiis
395 1527 447 1574 ab
468 1528 657 1574 externis
687 1527 864 1590 populis
890 1525 1068 1589 legendi

3 1597 16 1643 ζ’
71 1592 157 1637 fint
190 1593 352 1654 pedites
379 1598 422 1641 &
443 1592 671 1646 Praefeffl,
710 1594 757 1638 hi
785 1604 858 1638 aut
869 1590 1065 1652 corrupti

6 1653 14 1683 ¹¹
74 1673 166 1703 non
200 1668 293 1703 tam
331 1674 387 1704 ex
421 1658 509 1703 fide
547 1674 631 1719 pro
665 1657 801 1703 aliena
825 1655 1067 1718 Republica

3 1736 11 1785 5v
73 1735 223 1787 agunt,
239 1723 290 1768 ad
304 1722 447 1769 hostes
461 1722 698 1775 transeunt,
703 1723 845 1768 nostra
854 1721 1063 1783 produnt,

4 1792 10 1801 '
73 1802 148 1834 aut
181 1788 212 1833 fi
248 1788 404 1850 pasfim
427 1787 713 1834 inducantur
701 1804 747 1834 111
761 1787 1034 1833 Piovinciam
1050 1819 1071 1840 ,

0 1849 8 1908 ,”
73 1853 369 1916 periculosum
394 1870 449 1899 ne
461 1854 746 1899 mstrumenta
760 1852 844 1898 fint
862 1851 1063 1899 affec‘tan-

0 1910 6 1922 ⁵
74 1919 108 1965 ti
121 1935 302 1982 gravem
317 1919 615 1964 Dominarum
636 1930 786 1964 contra
799 1916 1064 1979 Rempubli·

0 1981 3 2050 J
74 2000 173 2030 cam
187 1987 230 2030 &
245 1984 514 2037 libertatem,
540 2000 643 2029 nam
657 1984 908 2047 peregrinus
921 1981 1064 2034 miles,

76 2047 273 2095 maxime
298 2049 647 2129 opprimentium
671 2051 741 2095 est.
779 2047 1070 2095 Laudaverim

76 2115 208 2160 etiam
221 2118 474 2176 Spartanos,
502 2131 608 2163 cum
622 2132 646 2160 a
658 2114 814 2160 fiducia
826 2127 1066 2160 murorum

74 2179 294 2245 ignaviam
304 2179 485 2228 senum
473 2196 712 2247 mgenerarl
702 2179 1039 2288 suspicarentlur
1051 2210 1065 2229 ,

989 2257 1070 2305 ege
