1320 2490
216 141 458 188 Scn1P'r.
497 141 900 191 FRAGMENTA.
978 159 1062 207 123

0 214 2 232 ἶ
73 229 237 282 obiter,
264 227 335 273 sed
359 227 460 276 vere
473 231 528 276 de
539 230 758 278 industn'a.
794 233 877 278 Per
887 231 1064 279 eosdem

72 295 308 340 emiffarios
319 294 556 342 observabit
579 297 756 342 interim
769 330 782 349 ,
806 313 897 360 quo
909 298 1062 345 animo

0 367 3 410 ζ
71 363 118 406 &
132 360 240 406 facie
261 359 497 407 adventum
519 361 650 408 suum
665 375 896 423 exceptura
913 364 1058 410 estau-

0 422 5 450 '-
71 424 113 471 la
126 460 138 478 ,
153 438 203 472 ut
214 425 258 471 in
272 427 424 473 omnia
434 427 486 474 fit
497 427 688 474 intentus
701 461 716 481 ‚
739 427 1059 491 &responden-

0 489 3 517 Ξ
68 491 127 537 (10
140 504 321 552 paratus.

135 560 323 621 Legatus
348 573 440 604 non
463 556 676 620 vituperet
698 558 839 622 gentis
867 558 946 619 (in
972 574 1061 623 qua

0 630 2 643 ²
72 623 299 680 moratur)
337 640 511 676 mores,
546 640 690 686 neque
712 623 880 677 laudet,
913 640 1059 687 neque

0 706 2 712 ⁸
72 693 91 748 (
106 700 155 734 ut
171 688 346 752 ignarus
371 688 721 747 &leviusculus)
747 689 958 744 miretur,
983 690 1058 737 sed

0 761 2 767 '
68 754 327 801 distimulet.

132 821 242 866 Non
261 820 439 867 tantflm
458 821 532 868 sua
544 820 702 867 secreta
721 819 810 884 ipse
819 817 1059 867 arstiffime

67 896 233 939 teneat,
259 885 417 933 vex-sim
430 887 481 932 ad
503 903 577 933 eos
597 887 786 932 attendat
807 886 884 949 qui
905 885 1059 933 secum

69 951 171 998 sunt
183 985 196 1005 ,
213 968 266 998 ne
278 953 465 1014 prodant
476 953 597 1015 quod
611 952 800 998 celatum
811 951 921 998 vult.

137 1018 483 1071 Animadvertat,
496 1030 547 1063 ut
555 1018 620 1063 sui
632 1019 782 1063 omnia
795 1033 901 1063 cum
913 1016 1056 1080 gravi-

65 1094 152 1128 tate
167 1086 208 1129 &
224 1082 363 1130 sobrie
377 1096 506 1146 agant
518 1117 531 1136 ,
552 1083 814 1129 attendendo
831 1083 883 1128 ad
897 1098 1058 1130 eorum

70 1164 241 1202 mores,
277 1166 333 1194 ne
353 1161 444 1195 tora
466 1165 573 1212 gens
598 1149 788 1195 incurrat
821 1148 867 1194 in
893 1163 1054 1210 oppro-

37 1267 39 1269 .
69 1214 218 1259 brium
230 1230 474 1277 paucorum
495 1216 645 1268 causa,
667 1215 802 1260 rarius
826 1212 926 1259 ide&
950 1229 1057 1259 con—

67 1279 290 1325 versentur
312 1296 418 1326 cum
445 1280 679 1332 extraneis,
715 1296 772 1324 ne
794 1278 954 1340 aliquid
978 1294 1058 1340 per

65 1343 287 1390 levitatem
301 1344 503 1399 efferant,
528 1345 651 1407 quod
672 1343 940 1408 legationem
963 1356 1056 1391 tur-

65 1409 165 1456 bare
174 1410 318 1470 poffit.

130 1476 332 1521 Maxima
355 1492 456 1522 cura
479 1477 680 1538 ponenda
712 1476 759 1521 in
793 1475 869 1528 iis,
906 1474 982 1537 qui
1004 1473 1059 1521 ab

36 1575 38 1578 ψ
65 1541 251 1603 epistolis
265 1538 553 1588 autasecretis
564 1541 665 1588 sunt
677 1576 690 1595 ,
712 1559 769 1587 ne
779 1540 940 1602 aliquid
952 1556 1053 1601 pro-

62 1607 193 1659 dant,
216 1605 406 1672 ide6que
428 1624 520 1653 non
543 1608 643 1654 fimt
656 1605 961 1659 exacerbandi,
983 1605 1059 1651 sed

64 1671 211 1734 potius
238 1673 436 1719 modicos
459 1690 623 1719 errores
652 1673 791 1733 (velut
815 1670 976 1718 nescius
990 1672 1057 1717 in·

64 1735 285 1793 curiusve)
299 1737 350 1783 ad
361 1749 535 1799 tempus
547 1737 846 1784 diffimulabis.

135 1803 179 1848 Si
191 1802 354 1865 aliquid
376 1802 523 1848 secreti
535 1802 808 1865 percunEkari
833 1800 937 1848 velis
950 1801 1056 1848 alte-

67 1868 158 1914 rius
172 1868 408 1930 Principis,
432 1885 522 1914 non
546 1866 851 1931 epurpumtis,
876 1866 949 1913 sed
973 1884 1056 1930 po-

34 1969 35 1972 ,
66 1934 152 1980 tius
178 1950 232 1979 ex
254 1933 499 1981 minoribus
509 1934 655 1981 Palatii
677 1947 752 1979 aut
772 1933 959 1979 cubiculi
982 1934 1058 1979 ad-

72 1999 276 2045 ministris
289 2000 420 2047 disces
432 2034 445 2053 ‚
472 2001 549 2062 qui
563 2000 673 2045 circa
693 1999 938 2061 Principem
953 2016 1055 2046 mo-

69 2076 220 2111 rantur
233 2099 245 2117 ,
261 2078 311 2111 ut
323 2065 422 2112 sunt
435 2064 599 2111 Medici
614 2100 627 2119 ,
642 2064 824 2128 ephebi,
849 2065 1055 2128 pigmaei,

72 2142 173 2175 tum
193 2129 470 2178 velmaxime
493 2131 792 2178 Amanuenses
806 2165 818 2183 ‚
841 2147 953 2193 quos
976 2130 1058 2176 tibi

69 2211 147 2260 per
158 2197 417 2246 munuscula
426 2232 440 2254 ‚
461 2198 620 2260 panim
633 2197 840 2246 comitate
851 2196 1057 2244 concilia-

533 2265 565 2310 F
599 2280 633 2327 5
917 2260 1049 2310 veris.
