1320 2490
243 147 310 192 26
371 147 642 193 Annam„
677 147 946 192 MAx.··FR
968 162 1141 207 renuo*

243 235 323 282 fibi
346 228 605 297 profuturus
639 236 685 281 in
709 238 920 282 meritum
950 270 963 289 ,
1019 221 1242 299 quidquid¹

243 298 417 364 publice
435 304 451 346 ?
478 301 523 345 in
547 301 700 363 populi
722 302 1010 364 exemplum3
1039 305 1082 348 δί
1096 301 1236 347 facere

241 366 432 412 omnino
455 377 655 419 tenetur,
677 367 774 446 plus
785 369 999 413 trasturus
1022 367 1074 412 ad
1098 368 1235 413 virtu·
1277 424 1288 433 ,

241 443 336 477 tem
351 431 558 493 exemplo
571 466 584 484 ,
610 448 749 493 quam
772 432 974 494 imperio.
1015 434 1150 479 Fama}
1162 448 1234 478 ve-

240 495 294 542 τὸ
309 500 354 544 &
366 497 575 558 opinione
586 497 796 560 Principis
807 514 873 544 res
885 499 1236 561 constant‚quem

241 562 370 626 pium
388 566 430 609 &
445 563 690 609 virtuosum
715 563 903 626 populus
929 563 1064 609 credit
1078 599 1092 618 ,
1116 563 1238 609 velut

240 628 393 675 omnia
404 645 511 674 cum
523 629 642 675 bono
654 631 754 674 Deo
766 640 971 692 agentem
987 664 1000 683 ,
1027 630 1119 690 ejus
1147 629 1233 674 im-

238 694 414 757 perium
449 705 500 739 ut
515 696 532 755 j
541 695 687 740 ustum
699 694 788 740 fine
811 693 1051 754 suspicione
1063 695 1153 740 doli
1166 693 1229 740 fa-

238 760 364 806 cilius
378 759 551 822 suscipit
562 794 576 813 ,
591 763 635 806 &
652 759 861 806 adversari
874 760 937 805 illi
951 760 1112 806 metuit
1126 795 1138 813 ,
1151 776 1234 821 pro

237 827 364 888 cujus
376 826 566 889 partibus
577 825 811 871 summum
834 825 943 871 illud
956 828 1143 872 Numen
1154 827 1232 871 sta-

237 908 287 937 re
319 908 401 953 pro
424 890 584 936 virt-ute
615 891 858 937 arbitratur.
897 892 1008 937 Inde
1043 892 1235 953 prudens

236 957 444 1020 Princeps
468 974 559 1003 non
573 957 711 1021 magis
724 958 810 1003 effe
828 973 965 1020 quam
978 957 1114 1002 videri
1128 973 1232 1019 pro·

235 1022 319 1068 bus
335 1026 377 1069 δε
391 1023 487 1085 pius
499 1023 618 1076 velit,
631 1023 907 1069 securitatem
920 1022 1092 1086 imperii
1106 1023 1230 1069 exin-

235 1088 292 1135 de
302 1087 607 1149 auspicaturus.
651 1089 809 1134 Videat
819 1087 927 1152 erg&
942 1123 954 1142 ‚
982 1105 1038 1134 ne
1049 1089 1155 1135 ritus
1168 1088 1231 1134 sa-

234 1170 418 1200 crorum
431 1154 545 1200 inter
555 1154 762 1217 ambigua
775 1155 881 1200 culti
894 1189 907 1207 ,
930 1171 1009 1217 per
1029 1153 1233 1216 prospera

235 1219 525 1265 obliterentur
539 1255 551 1273 ‚
569 1219 640 1266 sed
655 1220 799 1282 potius
813 1219 984 1282 semper
994 1219 1235 1267 summum

235 1287 428 1333 Numen
444 1286 558 1332 colat
572 1320 585 1339 ,
612 1302 717 1347 pace
728 1280 779 1332 ut
790 1287 951 1332 florens
967 1290 1011 1333 &
1025 1286 1231 1332 diuturna
1283 1348 1287 1350 v

233 1350 290 1398 fit
300 1386 314 1405 ‚
329 1351 500 1398 bellove
512 1387 525 1405 ,
551 1368 608 1398 ne
618 1352 693 1399 diu
717 1351 841 1397 malis
854 1368 1085 1398 armorum
1097 1367 1228 1397 vexe-

231 1428 320 1464 tur.
359 1418 556 1480 Ideoque
578 1434 669 1464 non
682 1418 831 1464 minor
853 1417 1089 1464 Catholico
1102 1417 1236 1464 Prin--

235 1484 322 1546 cipi
334 1483 381 1529 in
404 1484 527 1530 cultu
540 1483 762 1530 sacrorum
778 1519 791 1537 ‚
805 1481 942 1547 quaim
955 1483 1000 1529 in
1015 1500 1061 1529 re
1072 1483 1228 1545 populi

232 1550 411 1612 politica
433 1566 536 1596 cura
557 1550 635 1604 fit,
661 1551 721 1596 est
745 1551 867 1596 enim
892 1549 1077 1612 quisque
1100 1549 1224 1595 Prin·

233 1632 333 1678 ceps
357 1615 436 1661 suo
471 1617 516 1661 in
540 1632 680 1680 regno
702 1616 871 1677 primus
895 1615 1118 1678 religionis
1142 1631 1235 1677 pro.

232 1681 429 1745 potentia
462 1683 630 1735 custos,
667 1698 748 1744 pro
770 1681 1035 1727 authoritate
1071 1683 1116 1726 ὃς
1141 1697 1223 1742 pro

231 1747 423 1810 imperio
447 1759 734 1811 propagator,
760 1747 934 1808 esseque
945 1746 1133 1792 omnino
1146 1747 1220 1791 de-

231 1814 306 1859 bet
317 1814 362 1859 ni
377 1814 517 1860 malus
529 1813 582 1859 fit
597 1834 608 1867 5
625 1830 769 1876 neque
780 1813 1071 1858 Politicorum
1082 1811 1221 1875 igneis

229 1879 534 1926 subtilitatibus
548 1880 834 1940 depravetur,
858 1878 935 1940 qui
948 1877 1149 1923 coloratis
1174 1877 1219 1922 in

227 1944 421 2006 speciem
437 1979 449 1997 ,
475 1944 616 1990 verbis
630 1978 642 1998 ,
670 1944 1074 2005 audentimponere
1096 1942 1220 1988 Prin-

230 2010 320 2072 cipi
330 2010 516 2056 rationes
540 2012 669 2056 status
694 2009 811 2055 haud
834 2010 955 2070 poffe
979 2024 1056 2069 per
1068 2009 1221 2054 omnia

226 2075 445 2122 accordari
459 2109 471 2128 ‚
508 2091 615 2120 cum
639 2074 876 2120 rationibus
913 2073 1216 2127 conscientiae,

224 2153 276 2188 ut
287 2148 610 2203 nonnunquam
633 2140 962 2185 'deflectendum
985 2139 1039 2184 fit
1060 2139 1114 2184 ab
1139 2139 1217 2193 iis,

224 2208 441 2272 quoniam
458 2217 580 2254 tanto
605 2205 757 2252 fruffltu
791 2205 836 2251 in
859 2205 1082 2317 publicariri
1108 2220 1214 2266 pen-

1058 2283 1187 2319 antur
1198 2305 1211 2324 ,

1304 2270 1309 2315 l

1300 2375 1309 2490 ἐ
