1320 2490
200 137 440 181 SCRIPT.
479 134 889 179 FRAGMENTA.
958 146 1046 192 135

57 218 206 266 medio
220 216 474 265 Confistorii
485 216 702 269 consedit,
725 215 846 278 quod
870 226 958 261 erat
975 215 1043 261 in-

58 287 139 332 star
153 283 385 346 Majestatis
399 317 412 336 ,
442 283 489 328 in
502 299 592 345 quo
613 279 878 334 omnimode
901 281 1042 327 niten-

55 351 182 404 dum,
194 363 245 396 ut
255 350 448 412 priorem
461 349 613 395 locum
626 359 812 410 occupet
822 358 895 394 aut
903 357 1047 393 tenent

54 415 234 480 legatus.

123 482 219 544 Qi
242 480 376 527 vitare
409 479 563 526 volunt
583 479 831 542 legatorum
866 478 921 524 de
943 477 1046 524 loco

56 546 367 610 controyerfias
381 580 392 599 ,
417 545 617 591 sesfiones
640 549 684 590 &
698 543 863 590 menfis
887 544 933 590 in
943 559 1044 589 mo·

55 614 165 659 dum
180 612 294 658 orbis
307 611 500 658 formant
510 646 523 666 ‚
552 610 627 658 ubi
638 609 909 673 superioritas
921 620 1046 655 nota-

57 679 94 725 ri
106 696 198 724 non
219 680 372 741 potest.

123 745 263 808 Qod
277 744 308 789 fi
321 742 522 790 acciderit
532 753 583 789 ut
594 742 795 804 Princeps
804 740 937 806 legati
949 755 1045 787 ora-

56 809 178 857 tione
211 809 456 857 offendatur
469 843 483 862 ,
520 826 611 856 non
646 808 844 872 protinus
876 807 1046 871 legatus

60 876 356 938 contemptim
377 875 594 928 abscedat,
620 874 693 920 sed
715 873 921 935 modeflgae
943 887 1042 936 gra-

58 942 196 988 vitatis
210 946 330 1004 (tum
340 942 584 997 rationum)
609 940 732 986 scuto
744 956 848 986 eum
861 937 1048 1000 excipiat

57 1008 201 1071 potius
215 1004 352 1071 quam
364 1007 579 1069 relinquat
590 1041 603 1060 ,
616 1023 673 1052 ne
683 1017 889 1068 perpetua
904 1003 1047 1052 confi-

57 1074 280 1120 deratione
300 1074 518 1121 crucietur
542 1075 586 1119 δί
600 1071 740 1135 magis
753 1069 1046 1118 excandescat.

58 1140 113 1186 Id
125 1139 256 1186 etiam
270 1139 314 1186 in
327 1139 500 1201 priv-atis
513 1137 747 1185 offenfis'&
758 1136 954 1184 civilibus
965 1134 1050 1182 ob·.

58 1204 335 1252 servandum.

126 1271 309 1318 Cavebit
332 1285 391 1318 ne
407 1287 611 1317 rumores
636 1285 775 1315 novos
797 1267 878 1314 nifi
900 1283 948 1314 re
968 1282 1045 1315 ex-

37 1375 39 1390 ,
59 1334 226 1399 plorata
255 1337 307 1383 ad
328 1337 461 1384 suum
483 1336 734 1397 Principem
758 1332 1048 1385 transmittat,

59 1405 106 1449 &
118 1403 263 1464 potius
275 1401 479 1449 suaserim
489 1413 623 1447 taceat
634 1434 647 1453 ,
662 1396 800 1463 quam
811 1410 860 1445 ut
870 1399 917 1445 in
928 1414 1049 1445 erro·

56 1483 154 1513 rem
166 1467 358 1514 incurrat
378 1467 632 1513 nuntiando.

125 1532 336 1579 Advertat
368 1533 533 1596 legatus
579 1549 635 1578 ne
666 1531 766 1578 suus
806 1528 1049 1576 tabellarius

57 1596 247 1644 aliorum
281 1597 421 1646 literas
454 1598 649 1644 ferendas
681 1596 879 1658 suscipiat
912 1592 1063 1657 quam-

60 1661 152 1708 suas
168 1697 180 1716 ‚
206 1663 347 1710 multa
357 1681 411 1710 ex
424 1663 545 1710 causa
557 1698 570 1716 ,
595 1661 690 1710 imo
704 1663 736 1707 s1
749 1661 814 1708 sui
826 1660 1052 1707 domestici

37 1769 39 1771 ,
63 1729 250 1774 mittunt
270 1728 409 1774 literas
434 1729 478 1774 in
502 1729 714 1781 Patriam,
738 1727 853 1790 legat
876 1743 943 1772 eas
957 1759 970 1779 ‚
996 1742 1052 1771 ne

37 1802 39 1814 ²
60 1794 226 1856 aliquid
239 1809 314 1854 per
325 1794 705 1856 importunitatem
718 1790 1053 1853 deferant,quod

64 1876 131 1906 res
143 1859 316 1905 turbare
326 1859 474 1922 possit,
488 1857 587 1905 ideo
601 1858 925 1905 tabellariorum
937 1860 1052 1903 Prae-

65 1924 205 1971 scotos
234 1929 376 1988 (quos
394 1923 578 1987 Cursores
602 1937 675 1970 aut
701 1922 840 1982 Pastas
859 1922 1050 1979 vocant)

36 2050 39 2052 q
66 1990 288 2043 observet,
315 2008 369 2036 ne
379 1991 568 2036 aliorum
579 1990 733 2042 literas,
747 1989 826 2049 nisi
837 1989 916 2036 suo
930 1988 1051 2051 juffu
1094 2040 1097 2041 ⁷

36 2115 40 2119 Α
66 2054 234 2118 suoque
254 2056 458 2102 fasciculo
483 2056 663 2102 inclusas
674 2055 915 2118 suscipiant.
1109 2052 1116 2058 ’

135 2121 376 2184 Relinquat
388 2123 579 2186 aliquem
593 2121 786 2168 fidorum
799 2121 1052 2166 amicorum

69 2202 199 2250 penes
213 2188 460 2251 Principem
471 2187 668 2236 abeundo
682 2221 695 2243 ,
719 2187 796 2253 qui
820 2186 862 2235 se
883 2185 1056 2297 absent?

913 2265 1020 2299 nece
1037 2276 1056 2286 -ν
