1320 2490
211 145 1076 212 SCRIPT.FRAG⁸11E>1TA.33

76 237 247 284 culium
260 235 459 312 congerit
470 236 685 311 Princeps
698 247 905 312 argento,
929 248 980 284 ut
991 254 1071 301 po-

7 345 13 349 .
75 304 160 351 tius
174 303 235 349 ilh‘
247 303 382 366 priori
396 303 552 377 maiori
577 319 633 349 ex
656 304 824 350 ratione
847 304 1086 352 consulere·

75 370 252 422 debeat,
267 381 388 431 aptos
402 386 457 415 ex
468 369 629 415 virtute
640 368 714 416 seu
723 382 854 434 toga,
870 369 942 417 seu
954 370 1076 417 bello

76 435 200 499 regni
245 436 519 482 administros
565 436 807 497 quaerendo
846 442 862 497 (
879 437 956 499 qui
988 453 1074 500 pro

76 501 331 547 dexteritate
366 504 411 548 ὃς
442 501 673 564 prudentia
695 502 978 563 provideant,
1017 519 1074 548 ne

75 566 299 641 sceptrum
312 570 355 614 ὃς
367 583 554 620 corona,
581 566 649 611 vel
661 567 714 612 ab
727 567 850 613 hoste
862 567 978 613 bello
990 567 1070 613 fibi

76 633 305 695 eripiatur,
341 632 410 679 vel
446 634 552 712 toga
575 649 653 695 per
673 632 876 679 inertiam
900 633 1070 679 consilii

74 698 362 761 deturpetur)
389 715 526 761 quam
541 712 587 745 ut
598 698 770 760 peculio
782 699 950 761 privato
962 714 1068 745 con-

74 763 256 811 sulendo
271 799 283 818 ,
309 764 486 811 summa
509 764 650 810 officia
674 764 876 811 divendat
889 764 1081 811 modico-

75 831 209 876 aerarii
222 832 387 893 quaestu
401 865 412 883 ,
429 846 604 876 coronae
619 828 724 875 vero
740 833 784 876 ὃς
796 829 951 894 sceptri
962 831 1066 876 inae-

73 896 275 942 stimabili
297 912 375 958 per
397 896 600 942 inertiam
623 895 980 942 administrorum
999 896 1068 958 ja·

75 962 198 1007 &ura
213 996 225 1014 ,
261 962 359 1024 plus
384 978 432 1007 ea
453 961 775 1007 venundatione
807 962 1038 1008 amiffurus
1053 996 1067 1015 ,

74 1025 211 1089 quam
225 1039 273 1073 ut
286 1028 491 1073 lucretur.
542 1028 641 1090 Ego
663 1025 768 1072 vero
793 1039 903 1089 puts)
918 1027 1078 1073 multo-

71 1092 168 1154 plus
183 1093 343 1156 cuique
368 1093 438 1138 Pri
426 1109 557 1155 nc1p1
571 1093 831 1138 collatarum
855 1110 938 1155 pro
964 1109 1066 1139 mu-

73 1175 202 1211 nere,
229 1175 306 1221 qui
328 1158 371 1204 se
398 1158 608 1204 dextrum
633 1160 678 1204 ὃς
700 1157 910 1204 mentem
924 1158 1064 1204 admi-

70 1224 258 1270 nistrum
270 1224 419 1270 officio
430 1224 604 1276 tulerit,
628 1223 705 1286 qui
728 1219 801 1268 sua
815 1224 1071 1270 dexteritate

70 1290 323 1351 provideat,
350 1302 400 1335 ut
422 1290 626 1351 Princeps
652 1288 888 1336 incolumis
901 1290 979 1343 fit,
1016 1301 1070 1336 ut

24 1392 26 1394 .
69 1371 260 1418 regnum
287 1355 417 1400 suum
442 1355 617 1408 floreat,
645 1353 762 1399 tama
785 1355 979 1401 nominis
1002 1356 1067 1400 vi-

68 1432 168 1484 gent
179 1420 269 1466 fine
281 1419 374 1465 labe
386 1454 399 1472 ,
432 1436 568 1482 quem
581 1420 709 1465 amici
727 1420 945 1483 Principes
958 1421 1067 1467 aesti-

69 1496 196 1531 ment
207 1519 220 1538 ,
237 1485 379 1532 hostes
392 1498 635 1539 vereantur,
650 1484 746 1531 imo
759 1499 809 1531 ut
820 1487 952 1549 longa
963 1502 1070 1549 pace

66 1550 259 1596 adaustae
293 1551 540 1598 incolarum
585 1569 689 1613 opes
704 1586 717 1606 ,
753 1568 832 1614 per
866 1552 1064 1599 honestas

69 1616 320 1663 collationes
353 1617 555 1664 aerarium
579 1617 791 1679 Principis
814 1617 978 1691 largius
999 1618 1064 1663 di-

66 1692 186 1735 tent‚
214 1699 351 1745 quam
363 1684 440 1746 qui
464 1683 590 1729 mille
611 1683 802 1729 talenta
792 1700 837 1729 in
861 1683 1076 1729 aerarium

65 1764 148 1810 pro
161 1747 400 1794 beneficio
388 1749 668 1811 important,
682 1748 772 1812 ipse
783 1765 861 1811 per
872 1747 916 1794 se
926 1749 1062 1860 rudsis‚

68 1813 318 1876 Principem
332 1830 614 1878 regnumque
635 1816 798 1888 perin
776 1815 929 1860 ertiam
956 1813 1017 1875 (s
1006 1830 1063 1860 eu

65 1881 170 1942 toga
182 1878 255 1924 seu
268 1878 421 1937 bello)
445 1881 550 1943 gesti
576 1880 771 1926 muneris
796 1880 1059 1943 perditurus.

67 1944 270 2007 Princeps
284 1943 389 1991 vero
402 1962 483 2008 pro
517 1944 591 1992 sua
614 1946 918 2009 magnitudine
951 1945 1064 1991 divi-

64 2020 158 2056 tem
173 2026 400 2084 quemque
423 2010 564 2057 Facere
573 2011 738 2075 potest,
762 2011 837 2057 sed
847 2011 1073 2058 virtutem-

65 2076 235 2123 nemini
258 2076 514 2130 instillabit,
541 2089 590 2124 ut
610 2078 757 2141 potius
781 2078 993 2124 virtutem
1014 2077 1074 2123 in

65 2141 265 2207 ministro
290 2145 482 2206 quaerere
494 2160 604 2207 opus
621 2143 800 2198 habeat,
825 2160 917 2190 non
931 2159 1035 2206 opes
1048 2174 1063 2195 ,

65 2221 158 2255 non
168 2222 356 2264 aurum,
364 2225 461 2258 non
470 2209 677 2274 praemia,
702 2225 971 2275 memorque
982 2207 1037 2253 fit
1051 2240 1066 2260 ‚

971 2272 1073 2338 quia
